2832 4866
291 443 355 528 4⁶⁰
592 443 844 506 rourotttr
885 443 1050 502 necte

292 621 460 710 provincia
494 613 699 703 Caesariensis
736 621 823 682 ‹licta
856 617 982 692 suisset,
1021 639 1056 682 ec
1091 618 1230 702 proinde
1259 595 1330 679 tiore

293 725 423 790 suilient
446 723 655 784 Mauritaniae
679 721 907 794 Caesarienses,
936 723 1025 804 quod
1049 721 1221 782 absurdum
1242 719 1331 811 existi·

277 847 393 892 rmare.
444 827 506 890 Sed
523 837 559 911 ut
574 825 763 896 diximum
781 825 875 886 cetris
896 827 948 886 vel
964 823 1075 886 caetris
1094 825 1178 886 dicta
1201 820 1245 884 est
1264 823 1331 884 liot-

294 928 427 1019 rpoplu.
469 927 592 990 'Graeci
612 923 699 988 enirn
727 927 921 990 vocabulum
947 929 1008 988 hoc
1031 945 1105 987 curn
1135 923 1330 1007 diphthongo

296 1035 494 1114 exprimunt.
537 1027 716 1110 Hesychius
737 1027 879 1114 lloirpor
901 1019 1178 1115 inle'trtngnnd.
1217 1025 1332 1087 Erravit

294 1143 405 1198 autern
432 1131 654 1202 Ptolemaeum,
691 1133 779 1214 quod
807 1133 912 1216 'Tingi
938 1129 1113 1196 Cetrariam
1144 1149 1222 1192 cum
1243 1127 1333 1210 Tingi
1389 1121 1390 1186 l

295 1233 468 1317 metropoli
493 1231 685 1304 confuderit,
721 1253 756 1296 ac
779 1237 914 1316 proinde
935 1235 969 1294 in
990 1231 1093 1295 Africa
1112 1233 1238 1300 locarit,
1269 1248 1333 1290 curn

194 1407 198 1414 ,
295 1339 331 1402 in
353 1337 497 1420 opposito
517 1335 590 1398 sreti
612 1355 664 1397 ora
685 1337 868 1398 collocanda
891 1335 1006 1399 suisset.
1057 1336 1143 1396 Huic
1165 1332 1334 1395 simillimus

294 1439 340 1502 ell
361 1449 448 1501 error
462 1439 572 1508 Plinii,
594 1435 668 1524 [lib.
687 1451 721 1514 5.
738 1433 806 1525 im]
831 1440 886 1519 qui
912 1439 1027 1519 Tiugin
1055 1435 1253 1498 Traductam
1272 1433 1334 1493 oan-

209 1605 214 1626 ,
297 1543 375 1604 dem
395 1539 456 1602 effe
478 1542 630 1612 credidit,
657 1555 750 1622 atque
776 1541 885 1620 Tingis
907 1539 1090 1620 metropolis
1098 1561 1111 1612 ,·
1142 1535 1240 1621 plane
1261 1533 1334 1596 acti

203 1691 207 1702 .
300 1643 453 1712 Cetroria
466 1657 502 1704 er·
521 1635 682 1715 Traducta
697 1662 764 1703 non
779 1643 924 1704 coloniae
941 1644 976 1704 in
990 1641 1128 1713 Baetica,
1154 1635 1210 1702 serl
1227 1655 1334 1722 cogno·

293 1744 383 1810 mitia
401 1745 515 1828 Tingis
529 1743 772 1825 in‚lllauritanie
793 1743 931 1808 fuissent.
984 1739 1086 1807 Porro
1107 1743 1200 1825 quod
1222 1742 1262 1803 de
1281 1741 1335 1798 hoc

295 1847 417 1930 oppido
435 1845 514 1906 (licit
534 1847 675 1908 Plinius:
715 1847 820 1930 Tingi,
846 1847 1008 1928 quondam
1029 1844 1070 1906 ab
1087 1849 1216 1908 Antaeo
1240 1839 1335 1904 condi·
1391 1829 1392 1856 l

296 1947 383 2019 tum}
417 1967 460 2029 po
475 1963 527 2010 tea
549 1969 570 2009 a
588 1947 727 2014 Claudio
747 1940 898 2040 Caesare,
934 1970 1003 2010 cum
1026 1937 1334 2114 coloniorrr‘fuceret,

294 2051 458 2130 appellarit
515 2049 677 2111 Traducta
699 2051 795 2138 liclia,
820 2052 853 2110 id
868 2053 1003 2112 minime
1021 2069 1135 2111 verum
1150 2039 1175 2110 e¹
1211 2045 1334 2128 potest.
1392 2036 1393 2126 l

296 2151 382 2214 Na'm
403 2153 425 2213 st
447 2151 616 2214 aclaudio
639 2153 790 2220 deducta,
822 2171 917 2234 quare
940 2152 1238 2234 Iulio-appellatur,
1265 2165 1335 2230 quo·

293 2253 393 2316 motio
415 2253 484 2315 eiua
509 2253 688 2315 meminisse
711 2253 814 2338 potest
836 2251 966 2326 Strabo,
1003 2253 1170 2336 quomodo
1201 2251 1286 2314 lltlela
1305 2251 1335 2311 in

292 2375 330 2418 ea
351 2353 451 2426 nasci,
486 2357 542 2436 qui
565 2353 620 2416 sub
646 2355 781 2440 Claudio
806 2355 935 2418 lloruit‘i
987 2355 1084 2418 Liber
1110 2354 1219 2416 noster
1246 2370 1336 2414 manu

294 2451 441 2550 exaratus
474 2458 569 2540 legit:
615 2455 725 2550 prfiea
760 2479 782 2518 a
812 2471 936 2518 centnm
968 2459 1211 2540 qninquaginta
1240 2454 1335 2516 millia

296 2552 444 2650 Caesare.
498 2558 626 2639 Nempe
647 2579 705 2640 pro
737 2558 787 2620 Gt.
813 2551 952 2650 Caesare
978 2559 1155 2642 legendum
1179 2558 1229 2652 ‘est
1250 2557 1286 2620 C.
1310 2555 1335 2618 l.
1391 2607 1392 2610 ,

296 2655 445 2752 Caesare.
490 2659 618 2741 Pall'tm¹
642 2651 686 2720 in'
709 2659 968 2743 inscriptionibus
996 2679 1119 2721 nomen
1156 2659 1235 2748 Cojt'
1261 2657 1337 2721 Iulii

297 2751 447 2854 Caesaris
467 2761 569 2823 tribus
583 2759 646 2824 istie
664 2763 763 2825 literis
784 2761 826 2825 C.·
839 2765 866 2826 l.
882 2763 928 2842 C..
940 2765 1134 2826 continetur.
1166 2763 1193 2824 Δ
1211 2759 1336 2856 (laesere

293 2869 400 2945 itaque
418 2863 504 2924 lulio
524 2863 659 2924 deducta
680 2863 723 2924 est
744 2863 822 2925 haec
844 2866 978 2935 colonia,
1002 2865 1068 2946 qni,
1093 2865 1249 2945 quoniam
1271 2879 1336 2924 eam

260 2966 266 2976 ’
294 2966 471 3049 adsignavit
492 2965 635 3026 cretratio
650 2966 817 3028 ulterioris
836 2965 1004 3047 Hispaniae
1027 2965 1235 3036 cohortibus,
1269 2983 1336 3046 qur·

295 3088 367 3130 rum
390 3063 455 3159 ipse
474 3063 627 3128 meminit
646 3065 703 3128 lib.
732 3061 936 3154 1.'[c.59.]
960 3068 1140 3149 civilium,
1173 3066 1337 3152 cognomi·

223 3197 226 3206 ’
289 3169 425 3232 'nataell
441 3168 624 3234 Caetrariu.
662 3167 883 3232 Caetrarienfie
902 3172 1002 3254 igitur
1018 3167 1080 3231 suit
1095 3169 1181 3230 Mela
1197 3171 1335 3237 natione,

295 3267 413 3359 genere
440 3265 518 3332 velo
543 3271 683 3352 Poenus.
718 3291 861 3334 rosetus.
914 3274 953 3335 ln
981 3286 1046 3333 tam
1079 3273 1188 3342 variis,
1215 3271 1336 3356 magnis

297 3375 468 3454 dubiisque
499 3369 663 3434 sententiis
689 3375 771 3434 nihil
803 3375 914 3455 putavi
937 3375 1181 3438 commodiora
1204 3393 1259 3434 me
1282 3389 1336 3454 po·

296 3477 503 3546 tnitteftrert,
541 3497 639 3556 qnam
666 3472 819 3538 exhibere
847 3475 1046 3558 scripturam,
1081 3494 1176 3558 qnam
1200 3489 1232 3538 et
1253 3487 1355 3536 retro¹

255 3637 257 3644 ,
297 3580 384 3641 tlocti
402 3579 547 3660 'plerique
569 3575 670 3639 relicti
688 3575 758 3637 lunt
779 3579 813 3638 iu
835 3577 956 3660 scriptia
973 3577 1207 3660 exemplaribus
1221 3574 1334 3645 haberi,

296 3679 415 3764 etipse
437 3681 534 3740 etiam
550 3681 629 3750 ridi,
654 3671 733 3759 quae
756 3680 799 3741 est
817 3681 871 3742 vel
890 3680 1163 3761 Cingerrterotnm,
1189 3681 1242 3741 vel
1254 3677 1333 3737 rto-

297 3775 512 3863 genterotnnr,
537 3781 608 3852 vel,
637 3795 674 3840 ut
689 3783 819 3842 tandem
837 3799 876 3843 ex
891 3787 1019 3865 optimo
1036 3782 1090 3846 sno
1112 3778 1288 3864 producere
1306 3777 1333 3840 le

297 3885 425 3944 testetur
445 3878 581 3963 Velitne,
612 3883 814 3963 Tirtgenteriu
835 3897 913 3954 tum,
944 3885 1059 3968 quibus
1081 3883 1269 3947 accesserunt
1289 3881 1334 3940 in·

298 3985 395 4066 specti
411 4003 513 4064 nuper
530 4001 667 4066 quatuor
681 3985 805 4046 codices
822 3984 979 4060 llledicei,
1005 3990 1038 4064 in
1055 3987 1171 4048 iiedetu
1187 3975 1334 4047 chariore·

297 4087 387 4148 ribue
404 4085 466 4146 hoo
480 4089 638 4170 quidquid
659 4087 734 4148 latet
747 4086 947 4160 exhibentes,
971 4089 1027 4154 nili
1042 4090 1129 4172 quod
1144 4107 1227 4150 unua
1243 4085 1334 4145 habet

299 4193 424 4274 ingente
446 4199 562 4254 ratum.
614 4189 663 4253 Ex
687 4174 745 4253 lrac
761 4205 869 4254 autem
884 4201 950 4254 tam
966 4193 1026 4256 fixa
1045 4191 1219 4254 earundem
1238 4189 1334 4250 litera·
