<?xml version="1.0" encoding="UTF-8"?>
<!DOCTYPE html PUBLIC "-//W3C//DTD XHTML 1.0 Transitional//EN"
    "http://www.w3.org/TR/xhtml1/DTD/xhtml1-transitional.dtd">
<html xmlns="http://www.w3.org/1999/xhtml" xml:lang="en" lang="en">
 <head>
  <title>
</title>
<meta http-equiv="Content-Type" content="text/html;charset=utf-8" />
  <meta name='ocr-system' content='tesseract 3.04.00' />
  <meta name='ocr-capabilities' content='ocr_page ocr_carea ocr_par ocr_line ocrx_word'/>
</head>
<body>
  <div class='ocr_page' id='page_1' title='image "./desitvorbislibr04melagoog_0510.png"; bbox 0 0 2794 4868; ppageno 0'>
   <div class='ocr_carea' id='block_1_1' title="bbox 236 345 1101 426">
    <p class='ocr_par' dir='ltr' id='par_1_1' title="bbox 236 345 1101 426">
     <span class='ocr_line' id='line_1_1' title="bbox 236 345 1101 426; baseline -0.014 -11"><span class='ocrx_word' id='word_1_1' title='bbox 236 353 300 426; x_wconf 69' lang='lat'>5⁰4</span> <span class='ocrx_word' id='word_1_2' title='bbox 480 345 487 360; x_wconf 66' lang='lat'>⁸</span> <span class='ocrx_word' id='word_1_3' title='bbox 553 349 997 412; x_wconf 78' lang='lat' dir='ltr'><strong>POMPONIIMELAB</strong></span> <span class='ocrx_word' id='word_1_4' title='bbox 1097 404 1101 411; x_wconf 81' lang='grc'>,</span> 
     </span>
    </p>
   </div>
   <div class='ocr_carea' id='block_1_2' title="bbox 239 515 1394 620">
    <p class='ocr_par' dir='ltr' id='par_1_2' title="bbox 239 515 1394 620">
     <span class='ocr_line' id='line_1_2' title="bbox 239 515 1394 620; baseline -0.004 -36"><span class='ocrx_word' id='word_1_5' title='bbox 239 537 350 586; x_wconf 84' lang='lat' dir='ltr'>autem</span> <span class='ocrx_word' id='word_1_6' title='bbox 367 522 427 586; x_wconf 84' lang='lat' dir='ltr'>elle</span> <span class='ocrx_word' id='word_1_7' title='bbox 443 520 557 597; x_wconf 77' lang='lat' dir='ltr'>rerba,</span> <span class='ocrx_word' id='word_1_8' title='bbox 583 545 665 608; x_wconf 83' lang='lat' dir='ltr'>quas</span> <span class='ocrx_word' id='word_1_9' title='bbox 679 526 715 587; x_wconf 87' lang='lat' dir='ltr'>in</span> <span class='ocrx_word' id='word_1_10' title='bbox 734 536 1042 620; x_wconf 84' lang='lat' dir='ltr'>utramquepartem</span> <span class='ocrx_word' id='word_1_11' title='bbox 1060 515 1293 606; x_wconf 76' lang='lat' dir='ltr'>significatione</span> <span class='ocrx_word' id='word_1_12' title='bbox 1393 523 1394 540; x_wconf 72' lang='lat'><em>²</em></span> 
     </span>
    </p>
   </div>
   <div class='ocr_carea' id='block_1_3' title="bbox 71 621 1296 710">
    <p class='ocr_par' dir='ltr' id='par_1_3' title="bbox 71 621 1296 710">
     <span class='ocr_line' id='line_1_3' title="bbox 71 621 1296 710; baseline -0.006 -23"><span class='ocrx_word' id='word_1_13' title='bbox 71 634 73 646; x_wconf 80' lang='lat'>&#39;</span> <span class='ocrx_word' id='word_1_14' title='bbox 143 637 145 642; x_wconf 86' lang='lat'>&#39;</span> <span class='ocrx_word' id='word_1_15' title='bbox 239 629 400 706; x_wconf 84' lang='lat' dir='ltr'>reciproca</span> <span class='ocrx_word' id='word_1_16' title='bbox 415 640 448 688; x_wconf 85' lang='lat' dir='ltr'>et</span> <span class='ocrx_word' id='word_1_17' title='bbox 463 626 590 690; x_wconf 85' lang='lat' dir='ltr'>adversa</span> <span class='ocrx_word' id='word_1_18' title='bbox 610 641 782 710; x_wconf 88' lang='lat' dir='ltr'>ponantur,</span> <span class='ocrx_word' id='word_1_19' title='bbox 802 627 936 688; x_wconf 87' lang='lat' dir='ltr'>multis</span> <span class='ocrx_word' id='word_1_20' title='bbox 927 645 990 686; x_wconf 86' lang='lat' dir='ltr'>iam</span> <span class='ocrx_word' id='word_1_21' title='bbox 1006 623 1161 704; x_wconf 86' lang='lat' dir='ltr'>exemplis</span> <span class='ocrx_word' id='word_1_22' title='bbox 1178 621 1296 682; x_wconf 86' lang='lat' dir='ltr'>docuit</span> 
     </span>
    </p>
   </div>
   <div class='ocr_carea' id='block_1_4' title="bbox 241 720 1296 812">
    <p class='ocr_par' dir='ltr' id='par_1_4' title="bbox 241 720 1296 812">
     <span class='ocr_line' id='line_1_4' title="bbox 241 720 1296 812; baseline -0.002 -24"><span class='ocrx_word' id='word_1_23' title='bbox 241 727 365 790; x_wconf 75' lang='lat' dir='ltr'><strong>Gellius</strong></span> <span class='ocrx_word' id='word_1_24' title='bbox 380 747 414 810; x_wconf 89' lang='lat'>9,</span> <span class='ocrx_word' id='word_1_25' title='bbox 438 745 493 792; x_wconf 80' lang='lat'>12.</span> <span class='ocrx_word' id='word_1_26' title='bbox 545 731 614 799; x_wconf 81' lang='lat' dir='ltr'>sic,</span> <span class='ocrx_word' id='word_1_27' title='bbox 641 751 719 812; x_wconf 87' lang='lat' dir='ltr'>quae</span> <span class='ocrx_word' id='word_1_28' title='bbox 735 731 775 790; x_wconf 90' lang='lat' dir='ltr'>ad</span> <span class='ocrx_word' id='word_1_29' title='bbox 793 730 936 804; x_wconf 80' lang='lat' dir='ltr'>nostrum</span> <span class='ocrx_word' id='word_1_30' title='bbox 955 727 1069 786; x_wconf 90' lang='lat' dir='ltr'>locum</span> <span class='ocrx_word' id='word_1_31' title='bbox 1092 726 1228 806; x_wconf 87' lang='lat' dir='ltr'>propius</span> <span class='ocrx_word' id='word_1_32' title='bbox 1251 720 1296 786; x_wconf 81' lang='lat' dir='ltr'>sa·</span> 
     </span>
    </p>
   </div>
   <div class='ocr_carea' id='block_1_5' title="bbox 240 827 1395 1015">
    <p class='ocr_par' dir='ltr' id='par_1_5' title="bbox 240 827 1395 1015">
     <span class='ocr_line' id='line_1_5' title="bbox 241 827 1395 920; baseline -0.005 -30"><span class='ocrx_word' id='word_1_33' title='bbox 241 831 351 901; x_wconf 84' lang='lat' dir='ltr'>ciunt,</span> <span class='ocrx_word' id='word_1_34' title='bbox 385 831 539 892; x_wconf 88' lang='lat' dir='ltr'>dicuntur</span> <span class='ocrx_word' id='word_1_35' title='bbox 561 829 680 903; x_wconf 83' lang='lat' dir='ltr'>odium,</span> <span class='ocrx_word' id='word_1_36' title='bbox 715 833 775 903; x_wconf 85' lang='lat' dir='ltr'>ira,</span> <span class='ocrx_word' id='word_1_37' title='bbox 803 831 933 899; x_wconf 83' lang='lat' dir='ltr'>iiiiuri&#39;a,</span> <span class='ocrx_word' id='word_1_38' title='bbox 953 827 1096 920; x_wconf 80' lang='lat' dir='ltr'>strages,</span> <span class='ocrx_word' id='word_1_39' title='bbox 1125 847 1197 893; x_wconf 77' lang='lat' dir='ltr'>nex,</span> <span class='ocrx_word' id='word_1_40' title='bbox 1224 845 1297 884; x_wconf 76' lang='grc' dir='ltr'>ται-</span> <span class='ocrx_word' id='word_1_41' title='bbox 1394 859 1395 898; x_wconf 72' lang='grc'>;</span> 
     </span>
     <span class='ocr_line' id='line_1_6' title="bbox 240 925 1395 1015; baseline -0.002 -21"><span class='ocrx_word' id='word_1_42' title='bbox 240 931 298 994; x_wconf 71' lang='lat' dir='ltr'>des</span> <span class='ocrx_word' id='word_1_43' title='bbox 321 965 369 980; x_wconf 91' lang='lat'><em>-</em></span> <span class='ocrx_word' id='word_1_44' title='bbox 395 935 435 994; x_wconf 87' lang='lat' dir='ltr'>de</span> <span class='ocrx_word' id='word_1_45' title='bbox 452 933 568 1015; x_wconf 86' lang='lat' dir='ltr'>quibus</span> <span class='ocrx_word' id='word_1_46' title='bbox 584 933 802 1015; x_wconf 84' lang='lat' dir='ltr'>exposuerunt</span> <span class='ocrx_word' id='word_1_47' title='bbox 818 933 996 994; x_wconf 81' lang='lat' dir='ltr'><strong>Burmann.</strong></span> <span class='ocrx_word' id='word_1_48' title='bbox 1013 931 1051 990; x_wconf 83' lang='lat' dir='ltr'>ad</span> <span class='ocrx_word' id='word_1_49' title='bbox 1069 929 1172 990; x_wconf 84' lang='lat' dir='ltr'>Valer.</span> <span class='ocrx_word' id='word_1_50' title='bbox 1186 925 1296 990; x_wconf 73' lang='lat' dir='ltr'>Flacc.</span> <span class='ocrx_word' id='word_1_51' title='bbox 1394 943 1395 992; x_wconf 87' lang='lat' dir='ltr'>l</span> 
     </span>
    </p>
   </div>
   <div class='ocr_carea' id='block_1_6' title="bbox 241 999 1395 1341">
    <p class='ocr_par' dir='ltr' id='par_1_6' title="bbox 241 999 1395 1341">
     <span class='ocr_line' id='line_1_7' title="bbox 242 999 1395 1114; baseline -0.008 -18"><span class='ocrx_word' id='word_1_52' title='bbox 242 1047 278 1102; x_wconf 73' lang='grc' dir='ltr'>Ω,</span> <span class='ocrx_word' id='word_1_53' title='bbox 311 1048 392 1112; x_wconf 86' lang='lat'>179.</span> <span class='ocrx_word' id='word_1_54' title='bbox 436 1034 601 1098; x_wconf 84' lang='lat' dir='ltr'>Drakenb.</span> <span class='ocrx_word' id='word_1_55' title='bbox 625 1035 664 1096; x_wconf 93' lang='lat' dir='ltr'>ad</span> <span class='ocrx_word' id='word_1_56' title='bbox 686 1037 804 1098; x_wconf 88' lang='lat' dir='ltr'>Silium</span> <span class='ocrx_word' id='word_1_57' title='bbox 834 1035 905 1096; x_wconf 78' lang='lat' dir='ltr'>lul.</span> <span class='ocrx_word' id='word_1_58' title='bbox 940 1041 1105 1114; x_wconf 71' lang='lat'>14,454.</span> <span class='ocrx_word' id='word_1_59' title='bbox 1141 1031 1233 1090; x_wconf 86' lang='lat' dir='ltr'>idem</span> <span class='ocrx_word' id='word_1_60' title='bbox 1254 1028 1298 1088; x_wconf 85' lang='lat' dir='ltr'>ad</span> <span class='ocrx_word' id='word_1_61' title='bbox 1394 999 1395 1052; x_wconf 16' lang='grc' dir='ltr'><strong>ἦ</strong></span> 
     </span>
     <span class='ocr_line' id='line_1_8' title="bbox 241 1119 1395 1214; baseline -0.007 -16"><span class='ocrx_word' id='word_1_62' title='bbox 241 1135 376 1198; x_wconf 88' lang='lat' dir='ltr'>Livium</span> <span class='ocrx_word' id='word_1_63' title='bbox 397 1147 459 1214; x_wconf 75' lang='lat'>40,</span> <span class='ocrx_word' id='word_1_64' title='bbox 483 1155 515 1208; x_wconf 83' lang='lat'>2,</span> <span class='ocrx_word' id='word_1_65' title='bbox 539 1139 573 1202; x_wconf 87' lang='lat'>6.</span> <span class='ocrx_word' id='word_1_66' title='bbox 617 1135 767 1202; x_wconf 85' lang='lat' dir='ltr'>Perizon.</span> <span class='ocrx_word' id='word_1_67' title='bbox 790 1138 830 1198; x_wconf 85' lang='lat' dir='ltr'>ad</span> <span class='ocrx_word' id='word_1_68' title='bbox 849 1137 971 1198; x_wconf 81' lang='lat' dir='ltr'>Aelian.</span> <span class='ocrx_word' id='word_1_69' title='bbox 990 1136 1027 1202; x_wconf 79' lang='lat' dir='ltr'>V.</span> <span class='ocrx_word' id='word_1_70' title='bbox 1048 1134 1092 1196; x_wconf 88' lang='lat' dir='ltr'>H.</span> <span class='ocrx_word' id='word_1_71' title='bbox 1115 1151 1147 1202; x_wconf 77' lang='lat'>2.</span> <span class='ocrx_word' id='word_1_72' title='bbox 1172 1142 1234 1208; x_wconf 84' lang='lat'>25.</span> <span class='ocrx_word' id='word_1_73' title='bbox 1261 1143 1296 1192; x_wconf 85' lang='lat' dir='ltr'>et</span> <span class='ocrx_word' id='word_1_74' title='bbox 1393 1119 1395 1136; x_wconf 53' lang='lat'><strong><em>⁴</em></strong></span> 
     </span>
     <span class='ocr_line' id='line_1_9' title="bbox 243 1238 1294 1341; baseline -0.003 -44"><span class='ocrx_word' id='word_1_75' title='bbox 243 1257 324 1320; x_wconf 81' lang='lat' dir='ltr'>quos</span> <span class='ocrx_word' id='word_1_76' title='bbox 339 1254 498 1341; x_wconf 85' lang='lat' dir='ltr'>praeterea</span> <span class='ocrx_word' id='word_1_77' title='bbox 513 1243 698 1304; x_wconf 89' lang='lat' dir='ltr'>nominant.</span> <span class='ocrx_word' id='word_1_78' title='bbox 726 1239 778 1304; x_wconf 84' lang='lat' dir='ltr'>Cs.</span> <span class='ocrx_word' id='word_1_79' title='bbox 794 1253 826 1300; x_wconf 83' lang='lat' dir='ltr'>et</span> <span class='ocrx_word' id='word_1_80' title='bbox 839 1239 994 1329; x_wconf 73' lang='lat' dir='ltr'>notamad</span> <span class='ocrx_word' id='word_1_81' title='bbox 1005 1238 1200 1317; x_wconf 82' lang='lat' dir='ltr'>Eutropium</span> <span class='ocrx_word' id='word_1_82' title='bbox 1213 1251 1247 1301; x_wconf 86' lang='grc' dir='ltr'>ι,</span> <span class='ocrx_word' id='word_1_83' title='bbox 1259 1248 1294 1294; x_wconf 80' lang='lat'>2.</span> 
     </span>
    </p>
   </div>
   <div class='ocr_carea' id='block_1_7' title="bbox 241 1335 1395 1420">
    <p class='ocr_par' dir='ltr' id='par_1_7' title="bbox 241 1335 1395 1420">
     <span class='ocr_line' id='line_1_10' title="bbox 241 1335 1395 1420; baseline -0.006 -18"><span class='ocrx_word' id='word_1_84' title='bbox 241 1339 348 1420; x_wconf 78' lang='lat' dir='ltr'>Atque</span> <span class='ocrx_word' id='word_1_85' title='bbox 363 1340 440 1402; x_wconf 88' lang='lat' dir='ltr'>liinc</span> <span class='ocrx_word' id='word_1_86' title='bbox 456 1343 554 1414; x_wconf 82' lang='lat' dir='ltr'>etiarn</span> <span class='ocrx_word' id='word_1_87' title='bbox 571 1343 777 1404; x_wconf 75' lang='lat' dir='ltr'>Burmannus</span> <span class='ocrx_word' id='word_1_88' title='bbox 798 1338 1133 1411; x_wconf 76' lang='lat' dir='ltr'>et‘Drakenborchius</span> <span class='ocrx_word' id='word_1_89' title='bbox 1147 1335 1298 1398; x_wconf 77' lang='lat' dir='ltr'>nostrum</span> <span class='ocrx_word' id='word_1_90' title='bbox 1394 1337 1395 1370; x_wconf 58' lang='lat'><em>⁴</em></span> 
     </span>
    </p>
   </div>
   <div class='ocr_carea' id='block_1_8' title="bbox 240 1439 1324 2034">
    <p class='ocr_par' dir='ltr' id='par_1_8' title="bbox 240 1439 1324 2028">
     <span class='ocr_line' id='line_1_11' title="bbox 241 1439 1324 1525; baseline 0.006 -23"><span class='ocrx_word' id='word_1_91' title='bbox 241 1439 351 1503; x_wconf 83' lang='lat' dir='ltr'>locum</span> <span class='ocrx_word' id='word_1_92' title='bbox 380 1445 550 1525; x_wconf 87' lang='lat' dir='ltr'>explicant.</span> <span class='ocrx_word' id='word_1_93' title='bbox 603 1445 792 1506; x_wconf 72' lang='lat' dir='ltr'>Perizonius</span> <span class='ocrx_word' id='word_1_94' title='bbox 824 1458 932 1504; x_wconf 84' lang='lat' dir='ltr'>tamen</span> <span class='ocrx_word' id='word_1_95' title='bbox 965 1455 1097 1522; x_wconf 87' lang='lat' dir='ltr'>propter</span> <span class='ocrx_word' id='word_1_96' title='bbox 1123 1459 1176 1508; x_wconf 75' lang='lat' dir='ltr'>ea·</span> <span class='ocrx_word' id='word_1_97' title='bbox 1211 1457 1324 1524; x_wconf 65' lang='lat' dir='ltr'>quae,</span> 
     </span>
     <span class='ocr_line' id='line_1_12' title="bbox 242 1540 1297 1630; baseline -0.004 -27"><span class='ocrx_word' id='word_1_98' title='bbox 242 1543 421 1625; x_wconf 86' lang='lat' dir='ltr'>disputavit</span> <span class='ocrx_word' id='word_1_99' title='bbox 442 1545 647 1616; x_wconf 78' lang='lat' dir='ltr'>Gronovius,</span> <span class='ocrx_word' id='word_1_100' title='bbox 672 1568 738 1609; x_wconf 87' lang='lat' dir='ltr'>non</span> <span class='ocrx_word' id='word_1_101' title='bbox 760 1545 988 1630; x_wconf 72' lang='lat' dir='ltr'>repugnaverit</span> <span class='ocrx_word' id='word_1_102' title='bbox 1009 1545 1064 1616; x_wconf 81' lang='lat' dir='ltr'>iis,</span> <span class='ocrx_word' id='word_1_103' title='bbox 1091 1544 1147 1624; x_wconf 86' lang='lat' dir='ltr'>qui</span> <span class='ocrx_word' id='word_1_104' title='bbox 1173 1540 1297 1600; x_wconf 84' lang='lat' dir='ltr'>Melam</span> 
     </span>
     <span class='ocr_line' id='line_1_13' title="bbox 241 1643 1296 1732; baseline -0.006 -26"><span class='ocrx_word' id='word_1_105' title='bbox 241 1647 420 1708; x_wconf 77' lang='lat' dir='ltr'>memoriae</span> <span class='ocrx_word' id='word_1_106' title='bbox 444 1649 524 1710; x_wconf 86' lang='lat' dir='ltr'>vitio</span> <span class='ocrx_word' id='word_1_107' title='bbox 548 1647 752 1732; x_wconf 80' lang='lat' dir='ltr'>lapsumelle</span> <span class='ocrx_word' id='word_1_108' title='bbox 774 1649 982 1710; x_wconf 75' lang='lat' dir='ltr'>contendant.</span> <span class='ocrx_word' id='word_1_109' title='bbox 1034 1645 1097 1708; x_wconf 86' lang='lat' dir='ltr'>Sed</span> <span class='ocrx_word' id='word_1_110' title='bbox 1113 1659 1147 1706; x_wconf 90' lang='lat' dir='ltr'>et</span> <span class='ocrx_word' id='word_1_111' title='bbox 1162 1644 1244 1704; x_wconf 90' lang='lat' dir='ltr'>olim</span> <span class='ocrx_word' id='word_1_112' title='bbox 1260 1643 1296 1701; x_wconf 89' lang='lat' dir='ltr'>iu</span> 
     </span>
     <span class='ocr_line' id='line_1_14' title="bbox 240 1743 1296 1829; baseline -0.003 -23"><span class='ocrx_word' id='word_1_113' title='bbox 240 1743 302 1806; x_wconf 88' lang='lat' dir='ltr'>hac</span> <span class='ocrx_word' id='word_1_114' title='bbox 323 1749 464 1811; x_wconf 87' lang='lat' dir='ltr'>lectione</span> <span class='ocrx_word' id='word_1_115' title='bbox 480 1749 647 1812; x_wconf 85' lang='lat' dir='ltr'>haeserunt</span> <span class='ocrx_word' id='word_1_116' title='bbox 664 1752 726 1812; x_wconf 90' lang='lat' dir='ltr'>viri</span> <span class='ocrx_word' id='word_1_117' title='bbox 744 1751 893 1818; x_wconf 87' lang='lat' dir='ltr'>docti,-e</span> <span class='ocrx_word' id='word_1_118' title='bbox 916 1749 1033 1829; x_wconf 86' lang='lat' dir='ltr'>quibus</span> <span class='ocrx_word' id='word_1_119' title='bbox 1050 1745 1230 1806; x_wconf 82' lang='lat' dir='ltr'>Lambinus</span> <span class='ocrx_word' id='word_1_120' title='bbox 1254 1743 1296 1804; x_wconf 84' lang='lat' dir='ltr'>ad</span> 
     </span>
     <span class='ocr_line' id='line_1_15' title="bbox 242 1843 1294 1934; baseline -0.005 -24"><span class='ocrx_word' id='word_1_121' title='bbox 242 1847 383 1930; x_wconf 85' lang='lat' dir='ltr'>Nepotis</span> <span class='ocrx_word' id='word_1_122' title='bbox 407 1851 597 1914; x_wconf 88' lang='lat' dir='ltr'>Hamilc.&#39;c.</span> <span class='ocrx_word' id='word_1_123' title='bbox 625 1874 656 1915; x_wconf 92' lang='lat' dir='ltr'>i.</span> <span class='ocrx_word' id='word_1_124' title='bbox 686 1854 854 1914; x_wconf 83' lang='lat' dir='ltr'>emendat:</span> <span class='ocrx_word' id='word_1_125' title='bbox 895 1843 1162 1934; x_wconf 74' lang='lat' dir='ltr'>Kartliapiniensi</span> <span class='ocrx_word' id='word_1_126' title='bbox 1192 1843 1294 1914; x_wconf 80' lang='lat' dir='ltr'>clade,</span> 
     </span>
     <span class='ocr_line' id='line_1_16' title="bbox 242 1947 1296 2034; baseline -0.003 -24"><span class='ocrx_word' id='word_1_127' title='bbox 242 1963 298 2011; x_wconf 85' lang='lat' dir='ltr'>aut</span> <span class='ocrx_word' id='word_1_128' title='bbox 320 1947 474 2012; x_wconf 78' lang='lat' dir='ltr'>Romana</span> <span class='ocrx_word' id='word_1_129' title='bbox 495 1955 655 2028; x_wconf 62' lang='lat' dir='ltr'>victorias</span> <span class='ocrx_word' id='word_1_130' title='bbox 691 1953 886 2034; x_wconf 79' lang='lat' dir='ltr'>Brodaeus</span> <span class='ocrx_word' id='word_1_131' title='bbox 877 1975 910 2012; x_wconf 89' lang='lat' dir='ltr'>iri</span> <span class='ocrx_word' id='word_1_132' title='bbox 935 1950 1067 2012; x_wconf 84' lang='lat' dir='ltr'>Miscell.</span> <span class='ocrx_word' id='word_1_133' title='bbox 1087 1952 1120 2019; x_wconf 85' lang='lat'>6,</span> <span class='ocrx_word' id='word_1_134' title='bbox 1148 1951 1203 2010; x_wconf 78' lang='lat'>16.</span> <span class='ocrx_word' id='word_1_135' title='bbox 1230 1947 1296 2007; x_wconf 85' lang='lat' dir='ltr'>Pu·</span> 
     </span>
    </p>
   </div>
   <div class='ocr_carea' id='block_1_9' title="bbox 241 2051 1396 2239">
    <p class='ocr_par' dir='ltr' id='par_1_9' title="bbox 241 2051 1396 2239">
     <span class='ocr_line' id='line_1_17' title="bbox 241 2051 1396 2144; baseline 0.004 -33"><span class='ocrx_word' id='word_1_136' title='bbox 241 2053 317 2112; x_wconf 73' lang='lat' dir='ltr'>nico</span> <span class='ocrx_word' id='word_1_137' title='bbox 337 2052 437 2117; x_wconf 79' lang='lat' dir='ltr'>cl.ade</span> <span class='ocrx_word' id='word_1_138' title='bbox 481 2055 573 2144; x_wconf 81' lang='lat' dir='ltr'>Quae</span> <span class='ocrx_word' id='word_1_139' title='bbox 590 2055 911 2118; x_wconf 82' lang='lat' dir='ltr'>tamenacodicibns</span> <span class='ocrx_word' id='word_1_140' title='bbox 928 2075 1025 2114; x_wconf 86' lang='lat' dir='ltr'>nimis</span> <span class='ocrx_word' id='word_1_141' title='bbox 1041 2051 1206 2119; x_wconf 85' lang='lat' dir='ltr'>recedunt</span> <span class='ocrx_word' id='word_1_142' title='bbox 1232 2069 1296 2112; x_wconf 83' lang='lat' dir='ltr'>nec</span> <span class='ocrx_word' id='word_1_143' title='bbox 1395 2103 1396 2116; x_wconf 68' lang='lat'>.</span> 
     </span>
     <span class='ocr_line' id='line_1_18' title="bbox 242 2151 1396 2239; baseline -0.001 -26"><span class='ocrx_word' id='word_1_144' title='bbox 242 2155 279 2214; x_wconf 91' lang='lat' dir='ltr'>in</span> <span class='ocrx_word' id='word_1_145' title='bbox 293 2170 470 2216; x_wconf 88' lang='lat' dir='ltr'>memorata</span> <span class='ocrx_word' id='word_1_146' title='bbox 492 2159 706 2239; x_wconf 71' lang='lat' dir='ltr'>explicatione</span> <span class='ocrx_word' id='word_1_147' title='bbox 729 2157 959 2219; x_wconf 77' lang='lat' dir='ltr'>desiderantur.</span> <span class='ocrx_word' id='word_1_148' title='bbox 1010 2151 1196 2238; x_wconf 84' lang='lat' dir='ltr'>lpleetiam</span> <span class='ocrx_word' id='word_1_149' title='bbox 1214 2151 1295 2214; x_wconf 86' lang='lat' dir='ltr'>Gro·</span> <span class='ocrx_word' id='word_1_150' title='bbox 1395 2193 1396 2212; x_wconf 54' lang='lat' dir='ltr'>r</span> 
     </span>
    </p>
   </div>
   <div class='ocr_carea' id='block_1_10' title="bbox 241 2255 1295 2638">
    <p class='ocr_par' dir='ltr' id='par_1_10' title="bbox 241 2255 1295 2638">
     <span class='ocr_line' id='line_1_19' title="bbox 241 2255 1295 2337; baseline -0.001 -21"><span class='ocrx_word' id='word_1_151' title='bbox 241 2257 362 2317; x_wconf 89' lang='lat' dir='ltr'>novius</span> <span class='ocrx_word' id='word_1_152' title='bbox 378 2257 482 2337; x_wconf 88' lang='lat' dir='ltr'>postea</span> <span class='ocrx_word' id='word_1_153' title='bbox 500 2255 619 2320; x_wconf 83' lang='lat' dir='ltr'>iensille</span> <span class='ocrx_word' id='word_1_154' title='bbox 639 2261 777 2328; x_wconf 87' lang='lat' dir='ltr'>videtur,</span> <span class='ocrx_word' id='word_1_155' title='bbox 804 2259 1078 2326; x_wconf 80' lang='lat' dir='ltr'>emendationem,</span> <span class='ocrx_word' id='word_1_156' title='bbox 1102 2275 1199 2336; x_wconf 86' lang='lat' dir='ltr'>quam</span> <span class='ocrx_word' id='word_1_157' title='bbox 1220 2273 1295 2334; x_wconf 88' lang='lat' dir='ltr'>pro·</span> 
     </span>
     <span class='ocr_line' id='line_1_20' title="bbox 241 2356 1295 2440; baseline 0.003 -23"><span class='ocrx_word' id='word_1_158' title='bbox 241 2356 398 2439; x_wconf 84' lang='lat' dir='ltr'>posuerat,</span> <span class='ocrx_word' id='word_1_159' title='bbox 427 2360 539 2420; x_wconf 88' lang='lat' dir='ltr'>duram</span> <span class='ocrx_word' id='word_1_160' title='bbox 554 2360 614 2423; x_wconf 82' lang='lat' dir='ltr'>elle</span> <span class='ocrx_word' id='word_1_161' title='bbox 630 2374 663 2423; x_wconf 90' lang='lat' dir='ltr'>et</span> <span class='ocrx_word' id='word_1_162' title='bbox 680 2361 866 2422; x_wconf 85' lang='lat' dir='ltr'>difficilioris</span> <span class='ocrx_word' id='word_1_163' title='bbox 882 2359 1115 2440; x_wconf 85' lang='lat' dir='ltr'>explicationis.</span> <span class='ocrx_word' id='word_1_164' title='bbox 1165 2357 1205 2417; x_wconf 90' lang='lat' dir='ltr'>In</span> <span class='ocrx_word' id='word_1_165' title='bbox 1223 2357 1295 2420; x_wconf 81' lang='lat' dir='ltr'>eius</span> 
     </span>
     <span class='ocr_line' id='line_1_21' title="bbox 241 2461 1294 2546; baseline 0.004 -28"><span class='ocrx_word' id='word_1_166' title='bbox 241 2461 331 2525; x_wconf 88' lang='lat' dir='ltr'>enim</span> <span class='ocrx_word' id='word_1_167' title='bbox 347 2461 433 2522; x_wconf 87' lang='lat' dir='ltr'>notis</span> <span class='ocrx_word' id='word_1_168' title='bbox 452 2463 584 2533; x_wconf 77' lang='lat' dir='ltr'>lassas,</span> <span class='ocrx_word' id='word_1_169' title='bbox 608 2484 685 2546; x_wconf 88' lang='lat' dir='ltr'>quas</span> <span class='ocrx_word' id='word_1_170' title='bbox 700 2463 769 2544; x_wconf 84' lang='lat' dir='ltr'>pust</span> <span class='ocrx_word' id='word_1_171' title='bbox 784 2462 903 2544; x_wconf 73' lang='lat' dir='ltr'>Apiani</span> <span class='ocrx_word' id='word_1_172' title='bbox 918 2463 1095 2524; x_wconf 83' lang='lat' dir='ltr'>editionem</span> <span class='ocrx_word' id='word_1_173' title='bbox 1114 2468 1294 2538; x_wconf 71' lang='lat' dir='ltr'>an.170lp.</span> 
     </span>
     <span class='ocr_line' id='line_1_22' title="bbox 241 2558 1294 2638; baseline 0 -16"><span class='ocrx_word' id='word_1_174' title='bbox 241 2558 338 2623; x_wconf 84' lang='lat' dir='ltr'>factas</span> <span class='ocrx_word' id='word_1_175' title='bbox 354 2562 415 2624; x_wconf 77' lang='lat' dir='ltr'>eila</span> <span class='ocrx_word' id='word_1_176' title='bbox 437 2564 556 2626; x_wconf 85' lang='lat' dir='ltr'>indicat</span> <span class='ocrx_word' id='word_1_177' title='bbox 579 2565 667 2638; x_wconf 79' lang='lat' dir='ltr'>locus</span> <span class='ocrx_word' id='word_1_178' title='bbox 688 2566 727 2626; x_wconf 92' lang='lat' dir='ltr'>ad</span> <span class='ocrx_word' id='word_1_179' title='bbox 755 2585 784 2635; x_wconf 91' lang='lat' dir='ltr'>t,</span> <span class='ocrx_word' id='word_1_180' title='bbox 807 2581 862 2628; x_wconf 82' lang='lat'>12.</span> <span class='ocrx_word' id='word_1_181' title='bbox 879 2562 902 2626; x_wconf 85' lang='lat' dir='ltr'>l.</span> <span class='ocrx_word' id='word_1_182' title='bbox 928 2565 1021 2624; x_wconf 91' lang='lat' dir='ltr'>aliam</span> <span class='ocrx_word' id='word_1_183' title='bbox 1042 2558 1144 2622; x_wconf 84' lang='lat' dir='ltr'>adfert</span> <span class='ocrx_word' id='word_1_184' title='bbox 1172 2561 1294 2622; x_wconf 89' lang='lat' dir='ltr'>horum</span> 
     </span>
    </p>
   </div>
   <div class='ocr_carea' id='block_1_11' title="bbox 133 2663 1295 2750">
    <p class='ocr_par' dir='ltr' id='par_1_11' title="bbox 133 2663 1295 2750">
     <span class='ocr_line' id='line_1_23' title="bbox 133 2663 1295 2750; baseline -0.003 -25"><span class='ocrx_word' id='word_1_185' title='bbox 133 2733 137 2744; x_wconf 30' lang='lat'><em>¹</em></span> <span class='ocrx_word' id='word_1_186' title='bbox 240 2663 419 2726; x_wconf 85' lang='lat' dir='ltr'>verborum</span> <span class='ocrx_word' id='word_1_187' title='bbox 440 2668 704 2747; x_wconf 83' lang='lat' dir='ltr'>explicationem,</span> <span class='ocrx_word' id='word_1_188' title='bbox 730 2687 790 2750; x_wconf 86' lang='lat' dir='ltr'>qua</span> <span class='ocrx_word' id='word_1_189' title='bbox 807 2688 874 2728; x_wconf 89' lang='lat' dir='ltr'>non</span> <span class='ocrx_word' id='word_1_190' title='bbox 892 2664 993 2726; x_wconf 87' lang='lat' dir='ltr'>solum</span> <span class='ocrx_word' id='word_1_191' title='bbox 1014 2666 1131 2725; x_wconf 85' lang='lat' dir='ltr'>intacta</span> <span class='ocrx_word' id='word_1_192' title='bbox 1156 2663 1210 2723; x_wconf 91' lang='lat' dir='ltr'>illa</span> <span class='ocrx_word' id='word_1_193' title='bbox 1227 2681 1295 2722; x_wconf 89' lang='lat' dir='ltr'>ma·</span> 
     </span>
    </p>
   </div>
   <div class='ocr_carea' id='block_1_12' title="bbox 179 2763 1318 3563">
    <p class='ocr_par' dir='ltr' id='par_1_12' title="bbox 179 2763 1318 3563">
     <span class='ocr_line' id='line_1_24' title="bbox 239 2763 1295 2850; baseline -0.004 -22"><span class='ocrx_word' id='word_1_194' title='bbox 239 2781 337 2836; x_wconf 80' lang='lat' dir='ltr'>nent,</span> <span class='ocrx_word' id='word_1_195' title='bbox 366 2764 416 2827; x_wconf 89' lang='lat' dir='ltr'>sed</span> <span class='ocrx_word' id='word_1_196' title='bbox 437 2767 594 2850; x_wconf 81' lang='lat' dir='ltr'>etsensus</span> <span class='ocrx_word' id='word_1_197' title='bbox 617 2772 791 2830; x_wconf 87' lang='lat' dir='ltr'>verborum</span> <span class='ocrx_word' id='word_1_198' title='bbox 816 2769 957 2830; x_wconf 79' lang='lat' dir='ltr'>usitatior</span> <span class='ocrx_word' id='word_1_199' title='bbox 981 2763 1132 2828; x_wconf 81' lang='lat' dir='ltr'>servatur.</span> <span class='ocrx_word' id='word_1_200' title='bbox 1185 2763 1295 2842; x_wconf 83' lang='lat' dir='ltr'>Habet</span> 
     </span>
     <span class='ocr_line' id='line_1_25' title="bbox 240 2864 1294 2946; baseline -0.001 -18"><span class='ocrx_word' id='word_1_201' title='bbox 240 2881 350 2928; x_wconf 86' lang='lat' dir='ltr'>autern</span> <span class='ocrx_word' id='word_1_202' title='bbox 372 2867 466 2930; x_wconf 86' lang='lat' dir='ltr'>haec:</span> <span class='ocrx_word' id='word_1_203' title='bbox 510 2870 662 2933; x_wconf 85' lang='lat' dir='ltr'>Roniaua</span> <span class='ocrx_word' id='word_1_204' title='bbox 681 2871 787 2943; x_wconf 69' lang='lat' dir='ltr'>clade,</span> <span class='ocrx_word' id='word_1_205' title='bbox 820 2868 875 2930; x_wconf 90' lang='lat' dir='ltr'>sub</span> <span class='ocrx_word' id='word_1_206' title='bbox 900 2869 997 2929; x_wconf 88' lang='lat' dir='ltr'>lunio</span> <span class='ocrx_word' id='word_1_207' title='bbox 1021 2864 1168 2935; x_wconf 80' lang='lat' dir='ltr'>consule,</span> <span class='ocrx_word' id='word_1_208' title='bbox 1195 2886 1294 2946; x_wconf 90' lang='lat' dir='ltr'>quam</span> 
     </span>
     <span class='ocr_line' id='line_1_26' title="bbox 239 2964 1294 3060; baseline -0.001 -31"><span class='ocrx_word' id='word_1_209' title='bbox 239 2983 401 3033; x_wconf 84' lang='lat' dir='ltr'>memorat</span> <span class='ocrx_word' id='word_1_210' title='bbox 416 2969 573 3049; x_wconf 83' lang='lat' dir='ltr'>Polybius</span> <span class='ocrx_word' id='word_1_211' title='bbox 589 2973 646 3036; x_wconf 90' lang='lat' dir='ltr'>lib.</span> <span class='ocrx_word' id='word_1_212' title='bbox 666 2994 695 3034; x_wconf 89' lang='lat' dir='ltr'>r.</span> <span class='ocrx_word' id='word_1_213' title='bbox 725 2969 813 3060; x_wconf 85' lang='lat' dir='ltr'>[cap.</span> <span class='ocrx_word' id='word_1_214' title='bbox 834 2964 916 3056; x_wconf 63' lang='lat'>54]</span> <span class='ocrx_word' id='word_1_215' title='bbox 952 2970 1126 3030; x_wconf 86' lang='lat' dir='ltr'>Hactenus.</span> <span class='ocrx_word' id='word_1_216' title='bbox 1161 2967 1294 3052; x_wconf 83' lang='lat' dir='ltr'>Nempb</span> 
     </span>
     <span class='ocr_line' id='line_1_27' title="bbox 241 3068 1294 3162; baseline 0 -31"><span class='ocrx_word' id='word_1_217' title='bbox 241 3073 352 3131; x_wconf 85' lang='lat' dir='ltr'>dirum</span> <span class='ocrx_word' id='word_1_218' title='bbox 373 3071 574 3156; x_wconf 83' lang='lat' dir='ltr'>naufragium</span> <span class='ocrx_word' id='word_1_219' title='bbox 596 3072 711 3136; x_wconf 80' lang='lat' dir='ltr'>fecerat</span> <span class='ocrx_word' id='word_1_220' title='bbox 731 3071 829 3162; x_wconf 72' lang='lat' dir='ltr'>classis</span> <span class='ocrx_word' id='word_1_221' title='bbox 845 3075 1001 3141; x_wconf 84' lang='lat' dir='ltr'>Iioinana,</span> <span class='ocrx_word' id='word_1_222' title='bbox 1028 3083 1061 3130; x_wconf 90' lang='lat' dir='ltr'>et</span> <span class='ocrx_word' id='word_1_223' title='bbox 1082 3068 1240 3146; x_wconf 86' lang='lat' dir='ltr'>Polybius</span> <span class='ocrx_word' id='word_1_224' title='bbox 1263 3087 1294 3139; x_wconf 92' lang='lat' dir='ltr'>t,</span> 
     </span>
     <span class='ocr_line' id='line_1_28' title="bbox 241 3164 1294 3257; baseline -0.002 -24"><span class='ocrx_word' id='word_1_225' title='bbox 241 3186 303 3252; x_wconf 84' lang='lat'>55.</span> <span class='ocrx_word' id='word_1_226' title='bbox 322 3174 367 3235; x_wconf 89' lang='lat' dir='ltr'>in.</span> <span class='ocrx_word' id='word_1_227' title='bbox 403 3189 439 3236; x_wconf 84' lang='lat' dir='ltr'>iat</span> <span class='ocrx_word' id='word_1_228' title='bbox 462 3173 612 3256; x_wconf 84' lang='lat' dir='ltr'>saprade</span> <span class='ocrx_word' id='word_1_229' title='bbox 638 3178 725 3238; x_wconf 85' lang='lat' dir='ltr'>clade</span> <span class='ocrx_word' id='word_1_230' title='bbox 747 3164 972 3257; x_wconf 76' lang='lat' dir='ltr'>Sinopensium</span> <span class='ocrx_word' id='word_1_231' title='bbox 995 3167 1144 3256; x_wconf 72' lang='grc' dir='ltr'><strong>ἀτυχία,</strong></span> <span class='ocrx_word' id='word_1_232' title='bbox 1170 3170 1216 3230; x_wconf 86' lang='lat' dir='ltr'>ita</span> <span class='ocrx_word' id='word_1_233' title='bbox 1238 3171 1294 3232; x_wconf 90' lang='lat' dir='ltr'>hic</span> 
     </span>
     <span class='ocr_line' id='line_1_29' title="bbox 232 3272 1293 3358; baseline -0.005 -20"><span class='ocrx_word' id='word_1_234' title='bbox 232 3272 383 3358; x_wconf 68' lang='grc' dir='ltr'><em>ἀτυχεῖν</em></span> <span class='ocrx_word' id='word_1_235' title='bbox 409 3279 515 3358; x_wconf 89' lang='lat' dir='ltr'>ponit.</span> <span class='ocrx_word' id='word_1_236' title='bbox 570 3279 684 3342; x_wconf 81' lang='lat' dir='ltr'>Clades</span> <span class='ocrx_word' id='word_1_237' title='bbox 714 3291 822 3340; x_wconf 87' lang='lat' dir='ltr'>autern</span> <span class='ocrx_word' id='word_1_238' title='bbox 853 3277 893 3338; x_wconf 87' lang='lat' dir='ltr'>de</span> <span class='ocrx_word' id='word_1_239' title='bbox 923 3273 1087 3357; x_wconf 82' lang='lat' dir='ltr'>naufragio</span> <span class='ocrx_word' id='word_1_240' title='bbox 1120 3275 1199 3354; x_wconf 86' lang='lat' dir='ltr'>quin</span> <span class='ocrx_word' id='word_1_241' title='bbox 1227 3272 1293 3334; x_wconf 89' lang='lat' dir='ltr'>dici</span> 
     </span>
     <span class='ocr_line' id='line_1_30' title="bbox 179 3375 1292 3464; baseline -0.005 -25"><span class='ocrx_word' id='word_1_242' title='bbox 179 3413 184 3432; x_wconf 67' lang='grc' dir='ltr'>ι</span> <span class='ocrx_word' id='word_1_243' title='bbox 241 3375 347 3463; x_wconf 79' lang='lat' dir='ltr'>possit,</span> <span class='ocrx_word' id='word_1_244' title='bbox 372 3399 482 3453; x_wconf 88' lang='lat' dir='ltr'>nemo,</span> <span class='ocrx_word' id='word_1_245' title='bbox 505 3382 631 3461; x_wconf 89' lang='lat' dir='ltr'>opinor,</span> <span class='ocrx_word' id='word_1_246' title='bbox 656 3379 826 3443; x_wconf 85' lang='lat' dir='ltr'>dubitabit.</span> <span class='ocrx_word' id='word_1_247' title='bbox 877 3377 1120 3464; x_wconf 79' lang='lat' dir='ltr'>Athocunum</span> <span class='ocrx_word' id='word_1_248' title='bbox 1135 3389 1292 3444; x_wconf 87' lang='lat' dir='ltr'>moratur,</span> 
     </span>
     <span class='ocr_line' id='line_1_31' title="bbox 241 3466 1318 3563; baseline 0 -26"><span class='ocrx_word' id='word_1_249' title='bbox 241 3499 307 3563; x_wconf 90' lang='lat' dir='ltr'>quo</span> <span class='ocrx_word' id='word_1_250' title='bbox 325 3483 431 3544; x_wconf 86' lang='lat' dir='ltr'>minus</span> <span class='ocrx_word' id='word_1_251' title='bbox 448 3481 482 3541; x_wconf 91' lang='lat' dir='ltr'>in</span> <span class='ocrx_word' id='word_1_252' title='bbox 500 3466 587 3545; x_wconf 87' lang='lat' dir='ltr'>illam</span> <span class='ocrx_word' id='word_1_253' title='bbox 605 3479 794 3543; x_wconf 85' lang='lat' dir='ltr'>sententiam</span> <span class='ocrx_word' id='word_1_254' title='bbox 810 3499 891 3549; x_wconf 83' lang='lat' dir='ltr'>earn,</span> <span class='ocrx_word' id='word_1_255' title='bbox 916 3479 1001 3559; x_wconf 83' lang='lat' dir='ltr'>quod</span> <span class='ocrx_word' id='word_1_256' title='bbox 1020 3477 1127 3538; x_wconf 85' lang='lat' dir='ltr'>Latini</span> <span class='ocrx_word' id='word_1_257' title='bbox 1147 3489 1293 3540; x_wconf 86' lang='lat' dir='ltr'>auctores</span> <span class='ocrx_word' id='word_1_258' title='bbox 1316 3471 1318 3476; x_wconf 71' lang='grc'><strong>’</strong></span> 
     </span>
    </p>
   </div>
   <div class='ocr_carea' id='block_1_13' title="bbox 135 3577 1316 4196">
    <p class='ocr_par' dir='ltr' id='par_1_13' title="bbox 135 3577 1316 4196">
     <span class='ocr_line' id='line_1_32' title="bbox 242 3577 1293 3664; baseline -0.008 -18"><span class='ocrx_word' id='word_1_259' title='bbox 242 3602 358 3646; x_wconf 86' lang='lat' dir='ltr'>omnes</span> <span class='ocrx_word' id='word_1_260' title='bbox 382 3584 602 3646; x_wconf 87' lang='lat' dir='ltr'>Romanorum</span> <span class='ocrx_word' id='word_1_261' title='bbox 632 3585 801 3644; x_wconf 82' lang='lat' dir='ltr'>victoriam</span> <span class='ocrx_word' id='word_1_262' title='bbox 824 3583 863 3641; x_wconf 87' lang='lat' dir='ltr'>ad</span> <span class='ocrx_word' id='word_1_263' title='bbox 888 3582 1021 3664; x_wconf 78' lang='lat' dir='ltr'>Aegates</span> <span class='ocrx_word' id='word_1_264' title='bbox 1045 3577 1224 3652; x_wconf 85' lang='lat' dir='ltr'>celebrarit,</span> <span class='ocrx_word' id='word_1_265' title='bbox 1258 3590 1293 3638; x_wconf 81' lang='lat' dir='ltr'>et</span> 
     </span>
     <span class='ocr_line' id='line_1_33' title="bbox 240 3679 1292 3768; baseline -0.008 -21"><span class='ocrx_word' id='word_1_266' title='bbox 240 3684 328 3747; x_wconf 82' lang='lat' dir='ltr'>Mela</span> <span class='ocrx_word' id='word_1_267' title='bbox 348 3684 484 3746; x_wconf 86' lang='lat' dir='ltr'>delibare</span> <span class='ocrx_word' id='word_1_268' title='bbox 510 3687 582 3746; x_wconf 83' lang='lat' dir='ltr'>talia</span> <span class='ocrx_word' id='word_1_269' title='bbox 603 3701 636 3750; x_wconf 86' lang='lat' dir='ltr'>et</span> <span class='ocrx_word' id='word_1_270' title='bbox 661 3683 844 3768; x_wconf 84' lang='lat' dir='ltr'>adspergere</span> <span class='ocrx_word' id='word_1_271' title='bbox 868 3679 961 3760; x_wconf 85' lang='lat' dir='ltr'>solet,</span> <span class='ocrx_word' id='word_1_272' title='bbox 988 3680 1193 3742; x_wconf 77' lang='lat' dir='ltr'>illudentem</span> <span class='ocrx_word' id='word_1_273' title='bbox 1214 3700 1292 3740; x_wconf 85' lang='lat' dir='ltr'>nau·</span> 
     </span>
     <span class='ocr_line' id='line_1_34' title="bbox 135 3781 1291 3868; baseline -0.003 -23"><span class='ocrx_word' id='word_1_274' title='bbox 135 3844 138 3854; x_wconf 68' lang='grc'>,</span> <span class='ocrx_word' id='word_1_275' title='bbox 240 3783 378 3868; x_wconf 73' lang='lat' dir='ltr'>fragium</span> <span class='ocrx_word' id='word_1_276' title='bbox 402 3788 440 3848; x_wconf 92' lang='lat' dir='ltr'>ad</span> <span class='ocrx_word' id='word_1_277' title='bbox 462 3787 652 3868; x_wconf 81' lang='lat' dir='ltr'>Lilybaeum</span> <span class='ocrx_word' id='word_1_278' title='bbox 676 3785 794 3867; x_wconf 81' lang='lat' dir='ltr'>factum</span> <span class='ocrx_word' id='word_1_279' title='bbox 816 3785 876 3854; x_wconf 86' lang='lat' dir='ltr'>est,</span> <span class='ocrx_word' id='word_1_280' title='bbox 903 3803 1005 3866; x_wconf 89' lang='lat' dir='ltr'>aquo</span> <span class='ocrx_word' id='word_1_281' title='bbox 1027 3795 1137 3844; x_wconf 87' lang='lat' dir='ltr'>tamen</span> <span class='ocrx_word' id='word_1_282' title='bbox 1159 3781 1291 3864; x_wconf 79' lang='lat' dir='ltr'>longius</span> 
     </span>
     <span class='ocr_line' id='line_1_35' title="bbox 240 3884 1290 3974; baseline -0.005 -26"><span class='ocrx_word' id='word_1_283' title='bbox 240 3884 357 3948; x_wconf 86' lang='lat' dir='ltr'>absunt</span> <span class='ocrx_word' id='word_1_284' title='bbox 372 3888 514 3972; x_wconf 79' lang='lat' dir='ltr'>Aegates.</span> <span class='ocrx_word' id='word_1_285' title='bbox 557 3891 620 3951; x_wconf 82' lang='lat' dir='ltr'>Aut</span> <span class='ocrx_word' id='word_1_286' title='bbox 640 3890 739 3974; x_wconf 84' lang='lat' dir='ltr'>igitur</span> <span class='ocrx_word' id='word_1_287' title='bbox 755 3889 865 3952; x_wconf 86' lang='lat' dir='ltr'>durius</span> <span class='ocrx_word' id='word_1_288' title='bbox 879 3886 957 3948; x_wconf 86' lang='lat' dir='ltr'>haec</span> <span class='ocrx_word' id='word_1_289' title='bbox 973 3900 1005 3948; x_wconf 85' lang='lat' dir='ltr'>et</span> <span class='ocrx_word' id='word_1_290' title='bbox 1025 3898 1290 3966; x_wconf 85' lang='lat' dir='ltr'>praetermorem</span> 
     </span>
     <span class='ocr_line' id='line_1_36' title="bbox 242 3985 1292 4073; baseline -0.009 -21"><span class='ocrx_word' id='word_1_291' title='bbox 242 3989 325 4052; x_wconf 83' lang='lat' dir='ltr'>dixit</span> <span class='ocrx_word' id='word_1_292' title='bbox 343 3988 436 4058; x_wconf 84' lang='lat' dir='ltr'>Mela,</span> <span class='ocrx_word' id='word_1_293' title='bbox 463 3990 518 4052; x_wconf 87' lang='lat' dir='ltr'>etsi</span> <span class='ocrx_word' id='word_1_294' title='bbox 534 3991 672 4052; x_wconf 83' lang='lat' dir='ltr'>alioruin</span> <span class='ocrx_word' id='word_1_295' title='bbox 689 3991 835 4073; x_wconf 85' lang='lat' dir='ltr'>exempla</span> <span class='ocrx_word' id='word_1_296' title='bbox 849 3989 1009 4072; x_wconf 83' lang='lat' dir='ltr'>mitigant,</span> <span class='ocrx_word' id='word_1_297' title='bbox 1036 3999 1101 4055; x_wconf 88' lang='lat' dir='ltr'>aut,</span> <span class='ocrx_word' id='word_1_298' title='bbox 1127 3985 1223 4068; x_wconf 78' lang='lat' dir='ltr'>quod¹</span> <span class='ocrx_word' id='word_1_299' title='bbox 1235 3985 1292 4046; x_wconf 87' lang='lat' dir='ltr'>vix</span> 
     </span>
     <span class='ocr_line' id='line_1_37' title="bbox 239 4086 1316 4196; baseline -0.006 -44"><span class='ocrx_word' id='word_1_300' title='bbox 239 4089 276 4152; x_wconf 80' lang='lat' dir='ltr'>in</span> <span class='ocrx_word' id='word_1_301' title='bbox 295 4110 329 4154; x_wconf 89' lang='lat' dir='ltr'>re</span> <span class='ocrx_word' id='word_1_302' title='bbox 353 4101 417 4153; x_wconf 84' lang='lat' dir='ltr'>tam</span> <span class='ocrx_word' id='word_1_303' title='bbox 434 4103 511 4196; x_wconf 71' lang='lat' dir='ltr'>nota</span> <span class='ocrx_word' id='word_1_304' title='bbox 531 4093 720 4174; x_wconf 75' lang='lat' dir='ltr'>Romanum</span> <span class='ocrx_word' id='word_1_305' title='bbox 740 4090 924 4176; x_wconf 86' lang='lat' dir='ltr'>scriptorem</span> <span class='ocrx_word' id='word_1_306' title='bbox 942 4091 1064 4184; x_wconf 76' lang='lat' dir='ltr'>deceat,</span> <span class='ocrx_word' id='word_1_307' title='bbox 1091 4089 1218 4158; x_wconf 86' lang='lat' dir='ltr'>erravit,</span> <span class='ocrx_word' id='word_1_308' title='bbox 1242 4086 1292 4146; x_wconf 86' lang='lat' dir='ltr'>uti</span> <span class='ocrx_word' id='word_1_309' title='bbox 1313 4165 1316 4174; x_wconf 92' lang='lat'>.</span> 
     </span>
    </p>
   </div>
   <div class='ocr_carea' id='block_1_14' title="bbox 0 0 1402 4868">
    <p class='ocr_par' dir='ltr' id='par_1_14' title="bbox 0 0 1402 4868">
     <span class='ocr_line' id='line_1_38' title="bbox 0 0 1402 4868; baseline 0 0"><span class='ocrx_word' id='word_1_310' title='bbox 0 0 1402 4868; x_wconf 95' lang='lat' dir='ltr'> </span> 
     </span>
    </p>
   </div>
  </div>
 </body>
</html>
