2794 4868
287 477 349 544 578
594 457 866 517 rouronu*
886 457 1056 540 mutan

443 639 474 716 §.
508 649 564 710 27.
593 633 839 712 .Praecipui
864 627 1093 711 montium)
1124 626 1231 713 ‘Ltpt
1260 627 1344 692 Reh-

292 743 394 824 diget.
422 737 564 822 vindob.
591 733 701 798 Cibln.
728 734 816 796 Gud.
837 733 938 794 vatic.
966 752 997 796 1.
1023 728 1119 796 Perii.
1144 751 1175 796 1.
1202 745 1235 811 5.
1261 753 1346 812 μαι-

297 845 392 924 eipua
415 841 479 909 vel,
502 859 543 900 ex
565 855 667 905 more,
693 835 863 916 precluum·
907 837 1022 898 Venet.
1050 835 1153 904 Vatic.
1174 847 1209 914 5.
1238 834 1344 894 Harn.

296 945 392 1026 l‘rug.
416 938 511 1002 Paril.
534 958 565 1001 a.
585 937 786 1019 praecipuus.
828 938 999 999 Editionee
1015 937 1053 1013 agl
1071 933 1219 1010 Vul'stum
1236 933 1349 995 omnes

297 1045 473 1130 praecipua
497 1041 549 1110 fic,
584 1027 622 1100 ut
648 1039 688 1100 ad
713 1039 814 1102 Enna
837 1035 991 1100 referatur
1017 1037 1232 1099 distinctionis
1254 1039 1351 1096 maxi·

298 1163 370 1230 mae
395 1145 482 1228 figno
507 1141 649 1224 adposito
659 1147 670 1212 ;’
701 1141 861 1204 Vadianue
878 1153 1007 1201 tautum
1027 1141 1062 1200 in
1084 1141 1188 1221 prima
1209 1139 1350 1201 editione

301 1264 334 1312 et
356 1247 431 1310 hine
458 1257 513 1322 13.
548 1247 592 1303 ita
618 1243 696 1303 haec
722 1243 819 1303 verbu
844 1243 1011 1303 ordinant:
1049 1241 1157 1304 Aetna
1180 1241 1351 1320 praecipua

303 1347 473 1410 montium.
512 1347 607 1427 Eryx
630 1377 681 1392 --
706 1345 762 1406 etli
787 1345 822 1404 in
844 1357 922 1404 nota
942 1344 1019 1405 inde
1042 1363 1059 1402 a
1081 1344 1239 1403 montium
1259 1341 1351 1402 verba

201 1503 205 1514 .
307 1451 345 1512 ad
364 1447 525 1530 sequentia
543 1443 660 1507 referre
677 1447 778 1507 malit.
832 1439 959 1507 vossius
979 1447 1121 1527 primurn
1138 1445 1231 1504 dedit
1246 1444 1351 1504 Eunu.

307 1551 478 1628 Praecipiti
512 1549 667 1610 montium
698 1547 792 1627 Eryx
816 1575 866 1590 —·
901 1549 988 1627 quod
1022 1547 1119 1607 ceteri
1154 1559 1350 1626 acceperunt

306 1653 496 1743 ciacconius
517 1649 674 1712 malebat:
706 1639 841 1739 sarnam
864 1647 960 1710 habet
986 1646 1039 1709 οὒ·
1053 1648 1176 1710 Cereris
1206 1648 1352 1728 templum

307 1755 408 1818 Eunu
441 1753 668 1835 praecipuam
711 1751 988 1830 quemadmodum
1018 1764 1049 1830 5,
1079 1765 1114 1824 7,
1140 1759 1175 1827 4.
1218 1750 1349 1810 Famam

308 1857 384 1918 ltine
408 1853 609 1934 praecipuum
636 1845 765 1914 habeut.
826 1853 869 1912 Et
893 1850 999 1921 facile,
1033 1852 1121 1933 quod
1146 1851 1293 1912 lolemue
1316 1850 1350 1910 elt

309 1955 512 2020 librariorum
532 1967 718 2036 peccatum,
753 1953 944 2035 omitti-hic
973 1955 1081 2035 putuit
1108 1953 1236 2037 virgula
1263 1967 1349 2013 trane-

238 2087 240 2096 ·
308 2055 407 2122 versa.
459 2058 610 2117 Attamen
629 2053 671 2115 stc
689 2055 817 2138 longius
835 2055 1066 2116 adiectivuma
1088 2053 1144 2117 luo
1162 2053 1349 2116 substantivo

306 2171 430 2244 praeter
448 2157 552 2219 Melae
572 2175 697 2217 morem
714 2153 909 2226 abstrahitur,
938 2178 1008 2226 nec,
1037 2169 1072 2217 ut
1097 2160 1132 2217 iu
1155 2157 1259 2218 altero
1278 2157 1349 2223 locu,

308 2273 420 2324 notate
436 2260 470 2318 in
492 2257 754 2341 praecedentibus
775 2259 965 2320 celebritatis
981 2257 1067 2321 caula
1091 2260 1282 2340 explicatur,
1307 2257 1350 2317 led

315 2361 497 2442 fimpliciter
511 2361 603 2420 Enna
625 2357 840 2445 distinguitur.
891 2362 996 2444 Quare
1012 2355 1157 2422 Vossiana
1171 2361 1349 2422 emendatio
1381 2383 1383 2438 ,¹

296 2460 516 2546 ‘praeferenda
535 2461 681 2532 videtur,
707 2481 787 2542 quae
807 2473 841 2522 et
860 2463 896 2522 in
912 2462 974 2523 hoc
996 2482 1082 2523 nexu
1104 2452 1296 2544 Pomponio
1315 2459 1349 2520 est
1381 2447 1382 2494 l

253 2639 261 2652 .
310 2565 412 2648 magis
427 2563 676 2626 accommodata.
713 2564 764 2625 Sic
776 2565 865 2624 euim
879 2577 913 2641 3,
928 2577 959 2642 5,
974 2575 1007 2641 3.
1033 2564 1201 2624 Montium
1218 2557 1349 2654 ultiffimi

315 2666 444 2726 Taunus
462 2676 495 2724 et
510 2660 655 2734 ere'tico,
677 2678 709 2724 et
724 2665 830 2746 paullo
844 2665 930 2746 post:
960 2667 1110 2728 Amnium
1130 2667 1163 2725 ἰιι
1181 2665 1266 2726 alias
1287 2684 1349 2744 geu·

234 2761 237 2772 '
309 2779 359 2830 tes
374 2767 552 2827 exeuntium
568 2763 744 2827 Danubius
759 2779 790 2827 et
804 2766 995 2828 Rhodanus.
1030 2764 1082 2828 cf.
1106 2787 1134 2836 1,
1156 2778 1189 2842 5,
1208 2777 1243 2846 4.
1272 2764 1345 2836 6,1.
1377 2749 1378 2828 l

232 2911 235 2918 -
312 2887 347 2948 9,
369 2885 404 2946 9.
442 2884 473 2938 2,
500 2879 532 2943 5,
559 2883 591 2928 2.
614 2881 647 2927 et
669 2867 757 2930 alibi.
809 2869 945 2950 Decepit
976 2868 1285 2936 librarioe=Henua‚
1317 2865 1346 2925 ad
1376 2861 1377 2909 l

237 3043 240 3048 Ι
311 2971 398 3050 quod
433 2968 583 3029 adiectivi
614 2965 774 3049 sequentis
808 2988 913 3054 genoe
944 2967 1148 3031 referendum
1191 2981 1343 3052 putarunt.
1375 2969 1376 2993 ¹

311 3071 377 3139 Alii
396 3088 469 3130 cum
493 3089 574 3132 voce
595 3071 751 3131 montium
772 3085 1026 3141 conuenturum,
1051 3069 1104 3131 led
1125 3072 1159 3130 in
1181 3083 1222 3134 eo
1238 3073 1344 3132 aberra·
1373 3127 1374 3160 q

308 3185 402 3240 runt,
428 3170 515 3252 quod
538 3173 573 3229 in
592 3166 658 3232 un'o
685 3171 787 3250 Eryce
808 3167 1025 3242 substiterunt,
1063 3193 1138 3232 cum
1164 3174 1265 3241 Mela,
1298 3169 1343 3231 uti
1372 3177 1373 3244 l

309 3275 447 3336 aliorum
463 3269 629 3334 recensum
653 3269 787 3342 subiicit:
811 3273 926 3354 plurali
947 3293 1083 3336 numero
1102 3276 1153 3360 uti
1171 3272 1279 3342 [oleat.
1305 3272 1343 3331 uti
1371 3275 1372 3328 l

313 3371 345 3444 e.
362 3385 395 3456 4,
416 3390 450 3436 Ω.
479 3386 510 3451 5,
530 3359 624 3451 α.”·7,
644 3392 701 3436 12.
742 3373 844 3436 Sicui
861 3389 968 3438 tamen
985 3376 1151 3438 Ciacconii
1169 3376 1342 3438 emendatio
1370 3347 1371 3410 l

309 3478 412 3559 magis
432 3475 589 3556 adrideat‚
629 3467 774 3557 polletis
799 3477 897 3537 etiam
918 3497 959 3538 ex
984 3479 1144 3562 plerisque
1171 3476 1296 3540 Msstu
1318 3488 1342 3536 et
1368 3421 1370 3502 l

310 3578 385 3638 edd.
406 3575 536 3637 vetullie
556 3597 705 3638 revocare
726 3591 926 3642 memoratur.
968 3579 1033 3643 Pro
1048 3579 1142 3660 Eryx
1163 3594 1247 3640 rroto
1264 3596 1341 3638 more

310 3679 436 3739 codices
452 3679 565 3748 multi,
592 3679 694 3740 veluti
716 3677 854 3762 Relnlig.
877 3677 960 3761 Lipl.
986 3682 1126 3746 Vindob.
1154 3681 1240 3742 Gud.
1263 3681 1340 3760 Prag.

310 3797 384 3838 cum
398 3780 471 3841 edd.
495 3800 524 3842 1.
543 3795 576 3842 Ω.
593 3783 626 3842 6.
645 3795 679 3854 7.
697 3791 730 3858 8.
750 3799 784 3858 9.
805 3801 860 3842 to.
881 3754 948 3860 15.¹
951 3781 1054 3853 Erix,·
1079 3781 1341 3846 eneconem-er

308 3877 417 3941 Cibin.
439 3901 500 3962 cry.
551 3881 614 3944 Pru
634 3895 823 3942 memoratus
840 3881 873 3941 in
892 3883 1003 3944 multis
1022 3884 1111 3943 libris
1134 3884 1275 3944 inveniri
1292 3901 1338 3939 ure·

199 4041 205 4047 ,
306 3994 451 4042 moratur
468 3984 532 4042 iam
554 3984 679 4044 dictum
704 3982 758 4045 est.
785 4046 786 4050 ,
809 3985 856 4043 lta
876 3985 964 4045 euim
984 3984 1127 4066 plerique
1148 3984 1256 4047 Mssu
1276 3983 1337 4043 Abr.

305 4081 483 4157 (leonorii,
513 4101 554 4148 ex
569 4087 650 4148 meie
675 4082 758 4166 Lipl.
781 4085 878 4148 Velie.
903 4085 1009 4151 Havn.
1035 4087 1150 4150 Venet.
1173 4087 1336 4171 liehdiger.
