2794 4868
785 391 787 398 ’
834 417 839 452 ι

267 529 272 536 ¹
337 433 428 540 pru.
459 457 496 514 n.
528 458 574 538 ¹c.
604 452 738 528 vita-o.
765 469 814 517 ru
862 443 883 518 ζ
1043 431 1148 536 313

57 647 136 692 rum
159 627 219 699 est,
253 624 342 710 quo'd
358 631 465 692 'tradit
486 596 610 694 Plinius
632 641 670 711 4,
693 647 727 694 2.
746 631 768 694 s.
796 649 827 696 1.
875 625 1029 704 Neritum
1053 633 1108 697 seu

57 734 174 815 potius
195 731 347 798 Nericum
372 732 495 812 postea,
527 728 675 796 translate
701 732 819 796 scilicet
839 717 968 816 pristina
991 738 1109 798 incola·
1159 725 1166 803 J
1274 801 1279 810 ,

56 855 135 894 rum
153 831 242 905 sede,
269 834 414 894 Leucada
433 833 549 896 dictam
566 834 666 898 fuisse:
695 879 697 886 ,
720 834 771 899 Cf.
795 836 891 897 etiarn
908 839 1020 900 Suidae
1034 836 1055 899 s.
1074 859 1108 902 v.

57 931 218 1020 Νήριτον.
272 933 387 1014 Neque
410 933 509 998 insula
534 939 709 1008 Leucadia,
742 957 823 1020 quae
846 937 967 1001 Neritis
990 931 1109 1004 eodeni
1155 971 1157 976 ·

55 1036 172 1100 Plinio
196 1037 271 1098 teste
293 1037 372 1098 olim
395 1053 507 1098 vocata
527 1039 588 1108 est,
620 1040 761 1124 intelligi
787 1055 917 1122 propter
946 1039 1111 1122 sequentia

56 1137 178 1222 potest.
229 1140 392 1218 Denique,
419 1139 441 1200 si
466 1141 544 1202 haec
566 1141 662 1202 lectio
685 1125 819 1204 Schotto
843 1144 944 1212 detur,
971 1145 1122 1224 utroque

55 1241 163 1304 modo
181 1237 329 1322 scripturn
345 1239 388 1302 est
407 1241 485 1302 olinr
501 1241 720 1323 aquibusdam
738 1243 849 1324 oppidi
864 1237 960 1305 huius
975 1258 1109 1309 nomen.

57 1341 131 1404 Etsi
156 1343 245 1402 enim
270 1341 382 1432 Strabo
403 1361 459 1406 10.
482 1363 515 1425 p.
536 1364 581 1405 m.
600 1359 683 1424 313
705 1343 726 1406 Γ.
743 1355 829 1423 454.
865 1345 1049 1407 Eustuthiue
1070 1347 1111 1408 ad

58 1445 200 1509 Homer
234 1445 273 1504 ιι
300 1459 333 1513 2
359 1444 443 1522 632
483 1444 593 1524 οιι
621 1449 807 1525 14576
837 1438 944 1508 etad
974 1445 1110 1525 Dionys.
1214 1421 1236 1446 “’
1293 1511 1297 1519 ,

58 1565 98 1607 v.
121 1553 213 1624 49.
238 1525 398 1607 Suidaec.
420 1546 442 1609 Γ.
463 1547 681 1629 praecipiunt,
708 1547 820 1609 urbem
837 1569 907 1610 eam
928 1550 963 1608 in
984 1549 1113 1614 Graecis

2 1667 3 1674 ¹
59 1645 262 1710 scribendam
286 1645 346 1708 esse
367 1667 484 1727 perir,
514 1669 570 1730 per
592 1663 780 1712 rnrontem
803 1651 946 1720 Ithacae,
982 1651 1113 1732 adparet

59 1763 175 1810 tamen
191 1769 229 1810 ex
245 1748 419 1829 Stephano,
446 1751 601 1830 quosdam
617 1753 714 1812 etiarn
730 1751 843 1812 urbem
861 1750 1005 1833 scripsisse
1021 1752 1114 1814 Neri-

54 1840 143 1934 ¹ton,
171 1871 189 1912 e
208 1849 325 1932 quibus
343 1849 493 1932 producit
507 1853 691 1935 Lupercum
708 1853 973 1916 Grammaticurn.
1011 1855 1056 1914 Et
1072 1855 1113 1916 sio

59 1952 197 2015 effertur
223 1953 259 2014 in
281 1951 389 2016 Plinio
410 1973 437 2016 c.
459 1954 481 2017 1.
517 1973 614 2036 quem
637 1957 768 2036 quidem
793 1969 838 2018 eo
857 1957 992 2018 nornine
1021 1968 1114 2028 notat
1184 2001 1230 2049 (μ

61 2055 231 2120 Salmasius
251 2055 292 2118 ud
314 2053 417 2116 Sosin.
439 2073 506 2138 cap.
525 2067 585 2132 37.
608 2054 628 2117 Γ.
651 2067 711 2136 4ο.
738 2079 771 2140 p.
787 2077 834 2122 m.
853 2069 938 2136 503.
991 2055 1114 2120 Contra
1164 2070 1176 2145 Ἰ

60 2149 377 2244 Νηρικίηιι«’19ἆκιιν
398 2171 493 2218 vocat
516 2156 651 2236 Diony-s.
676 2179 710 2220 v.
735 2169 822 2238 495.
875 2161 917 2221 Et
936 2158 977 2220 sio
999 2159 1114 2222 eadem

59 2261 100 2320 in
126 2257 284 2342 hac-voce
312 2255 449 2320 consona
473 2260 613 2320 variatur
639 2261 723 2342 apud
747 2259 906 2322 Ovidium
929 2261 963 2322 in
990 2261 1114 2324 remed.
1152 2306 1156 2311 -

63 2380 167 2422 amor.
192 2381 225 2422 v.
244 2361 329 2430 1164.
361 2348 420 2420 ubi
444 2361 510 2422 vid.
535 2359 644 2424 Heius.
667 2363 705 2422 ad
728 2362 839 2444 virgil.
863 2362 943 2425 Aen.
969 2376 1000 2440 3.
1027 2377 1115 2440 971.
1190 2367 1203 2438 J

2 2481 3 2484 ’
63 2465 233 2540 Heyniue,
267 2475 299 2522 et
323 2463 605 2541 quinominuntur
635 2463 677 2524 ud
699 2462 838 2544 Hesych.
861 2461 928 2525 Γ.
905 2483 937 2524 1.
960 2460 1115 2550 Νὴοικος.

64 2565 131 2627 Sed
148 2577 185 2624 ut
202 2562 359 2624 summam
378 2563 602 2644 dieputationie
620 2565 806 2634 conficiam,
832 2563 888 2626 etsi
905 2585 1018 2628 onrneo
1039 2565 1116 2627 libri

64 2669 103 2726 in
129 2665 218 2726 litera
244 2678 260 2726 t
286 2663 483 2746 conspirent,
518 2665 654 2727 Noricos
679 2678 787 2727 tamen
814 2687 889 2727 cum
913 2639 1048 2730 Scfiotto
1075 2686 1115 2733 ex
1195 2696 1197 2700 ·

65 2769 234 2830 Strabonis
252 2767 460 2829 adnotatione
461 2765 722 2848 praeferendum
739 2767 797 2839 est,
821 2769 876 2830 cui
893 2770 987 2834 etiarn
1006 2767 1117 2834 favent
1214 2766 1217 2776 ’

54 2870 384 2954 Lexicogrnphorum
416 2871 571 2939 rationes,
610 2889 686 2938 nec,
721 2871 809 2950 quod
833 2871 1038 2949 interciderat
1063 2872 1116 2934 itta·

66 2972 164 3041 urbe,
198 2960 316 3032 obstere
339 2970 424 3052 posse
449 2971 496 3031 illi
516 2971 648 3032 lectioni
665 2972 811 3040 videtur,
842 2973 1006 3036 cumtalie
1028 2971 1117 3055 saepe

67 3075 253 3136 Homerum
288 3073 431 3153 aliosque
464 3088 589 3136 veteres
629 3071 838 3156 Geogruphoe
875 3072 997 3140 secutur
1031 3075 1127 3140 Mete
1204 3131 1205 3134 ,

69 3177 205 3245 excitet,
237 3175 287 3238 uti
305 3175 414 3256 paullo
434 3173 576 3256 superius
600 3177 629 3252 §.
649 3191 683 3254 9.
709 3176 748 3238 ud
773 3195 894 3243 nornen
909 3175 1007 3258 Styra
1028 3191 1119 3238 uota·

70 3291 144 3340 turn
160 3276 213 3339 est.
267 3275 362 3336 Aliud
387 3278 505 3370 agitur,
534 3277 649 3357 siquis
667 3290 810 3357 quaerat,
846 3297 884 3338 un
905 3293 991 3340 recte
1013 3279 1047 3338 iu
1072 3281 1119 3340 in·

69 3379 146 3441 susis
176 3376 367 3440 recensuerit
392 3382 529 3448 audior,
561 3379 649 3459 quod
681 3399 783 3464 nego,
818 3379 872 3439 etsi
898 3380 941 3438 ita
970 3377 1118 3442 censuisse

71 3485 170 3544 etiarn
192 3481 342 3570 videntur
364 3479 512 3563 Virgilius
534 3481 617 3542 Aen.
642 3492 672 3558 3,
697 3497 781 3556 271.
818 3481 957 3542 Ovidius
982 3479 1117 3572 Metam.

76 3596 134 3663 13,
155 3597 239 3664 711.
268 3583 442 3658 Siliuei5‚
465 3593 549 3666 505.
582 3580 641 3641 ubi
660 3577 835 3643 adsentitur
857 3582 1016 3647 Hernsrue
1041 3563 1120 3648 Sic
1179 3619 1203 3672 Ι.

74 3686 248 3776 Oberliuus
279 3684 330 3743 ud
349 3683 536 3766 Vibiump.
563 3691 648 3762 341.
686 3685 845 3746 Vadiauue
871 3685 909 3746 ed
936 3685 1058 3747 Melam
1086 3702 1120 3768 Β,
1210 3733 1230 3778 ‘-

75 3802 110 3866 5,
137 3801 191 3849 ιό.
237 3785 356 3846 Contra
387 3786 427 3846 do
465 3785 579 3889 Nerito
606 3786 740 3868 quidem
772 3785 866 3850 sentit
898 3785 1052 3850 Cellariue
1086 3791 1122 3853 in

55 3887 196 3972 'Geogr
219 3901 284 3952 ant.
302 3903 334 3957 2,
359 3901 395 3966 4,
426 3909 480 3952 11.
534 3889 576 3950 At
592 3889 748 3971 quidquid
768 3888 822 3960 est
849 3884 1005 3954 fistraoo
1024 3891 1123 3954 etiam

73 3993 211 4060 erravit,
251 3991 313 4050 hoc
338 4007 462 4054 nomeu
491 4003 575 4056 certe
598 4009 739 4057 errorem
761 3992 847 4056 levat
871 4003 927 4054 et
925 3992 971 4054 ad
996 3993 1123 4060 codice·
1214 4051 1229 4064 ,.

74 4096 225 4178 proxime
252 4095 385 4156 accedit.
