2794 4868
274 399 338 514 tt·
560 423 819 494 rourourr
862 431 1028 492 unare
1107 498 1109 509 ,

221 625 225 634 “
277 595 377 674 etiarn
407 607 533 674 Politus
566 609 606 669 ad
639 608 844 672 Eullatlrium
878 609 914 670 in
946 594 1130 669 Homerum
1163 604 1269 668 Tom.
1298 621 1333 670 Ω.

151 766 154 774 ,
278 733 313 796 p.
334 711 419 792 679.
448 709 509 782 serl
521 712 632 773 vitiata
656 711 922 793 pronuntiatione
944 723 1052 770 ortum
1069 707 1174 772 censet
1191 729 1232 770 ex
1255 707 1335 780 Cea,

277 815 369 898 quotl
398 813 523 900 probat.
576 812 706 895 Nempe
730 815 892 896 primurn,
926 807 1053 893 inquit,
1087 811 1213 872 dictum
1236 806 1336 886 Ηὲος,

279 917 367 979 unrle
388 905 508 1000 gentile
530 911 642 992 Κὲϊος.
681 934 740 1000 per
769 913 956 996 Synaerefin
978 912 1090 988 Κεῖος,
1123 913 1214 975 unde
1237 913 1338 997 νῆσος

281 1021 365 1081 dicta
388 1015 507 1106 Ksiu„
521 1018 599 1080 inde
618 1013 704 1092 itta,
737 1016 896 1098 polltemo
917 1008 998 1090 llice
1023 1017 1062 1077 rle
1084 1015 1206 1087 insula,
1240 1017 1335 1096 quocl

280 1121 412 1184 volebat
426 1119 595 1192 Pintianns
617 1135 793 1202 perperam.
834 1119 1017 1182 invaluerat
1030 1119 1064 1178 id
1080 1118 1198 1179 Suirlae
1217 1131 1335 1181 aetate.

280 1224 345 1288 Sed
368 1223 458 1304 plura
480 1241 518 1284 ex
540 1220 608 1304 ipso
630 1219 780 1306 cognosci
798 1220 937 1302 possunt.
989 1223 1040 1282 De
1060 1204 1178 1295 iiiior.
1197 1219 1336 1297 liciace

281 1321 356 1388 Κέω
376 1321 475 1384 insule
494 1337 610 1386 monet
631 1325 728 1385 etiem
749 1321 933 1386 Eullathius
954 1323 994 1382 ad
1017 1323 1202 1384 Homerum
1221 1323 1335 1403 Odyls.

274 1419 344 1496 no,
365 1437 447 1506 555.
470 1447 501 1507 p.
521 1441 605 1510 790.
626 1435 680 1505 ¹4·
702 1423 795 1487 Basrl.
847 1421 1058 1486 Praeserenda
1074 1423 1335 1486 uideturernen-

284 1529 370 1590 datio
388 1527 566 1597 lleinoldii‚
586 1526 740 1610 Cythnon
757 1546 815 1610 pro
830 1545 890 1610 qua
905 1525 1045 1609 positum
1062 1525 1196 1608 Cyrnos,
1213 1526 1335 1589 deinde

285 1630 426 1712 Cyrnos,
448 1630 540 1690 uude
565 1630 622 1690 alia
645 1628 777 1690 obtrudi
798 1626 889 1690 sacile
911 1641 1099 1711 potuerunt.
1157 1627 1222 1693 Cic
1243 1631 1334 1692 enim

247 1738 256 1756 '
282 1751 342 1815 pro
360 1732 460 1804 Ceos,
488 1728 594 1806 Ῑὶέως,
627 1733 682 1790 vix
700 1729 781 1812 ¹serri
800 1730 903 1812 potest
925 1751 965 1792 ex
986 1743 1135 1811 corrupta
1152 1731 1334 1793 Ptolemaei

180 1847 183 1865 ¹
281 1831 431 1896 lectio'n'e.
485 1813 596 1896 illinus
617 1832 821 1916 probandum
841 1827 941 1894 Voll'ri
962 1834 1050 1902 icoc,
1077 1853 1173 1914 quam
1186 1831 1333 1894 insulam

181 1935 186 1946 ‘
283 1936 462 2020 Magnesiae
478 1935 637 2008 obiectam
655 1933 734 1996 dicit
747 1933 861 1996 Strabo
878 1933 935 1996 lib.
947 1951 981 2014 9.
1004 1953 1096 2016 p..m.
1114 1925 1330 2015 3oo.s..'43'6.

283 2051 316 2100 et
336 2025 448 2100 Liuius
467 2053 526 2116 5¹·
550 2046 611 2120 45,
638 2053 692 2102 12.
719 2057 737 2097 a
760 2035 907 2098 Geraesto
930 2051 963 2100 et
985 2037 1115 2116 Carysto
1137 2037 1332 2115 (Euboeae)

281 2140 317 2200 in
339 2139 563 2200 Macedoniam
590 2137 817 2223 navigantibus
840 2116 925 2200 inter
945 2139 1081 2220 Scyrum
1105 2151 1138 2200 et
1160 2140 1330 2202 Sciathum

283 2241 415 2304 obviarn
436 2239 496 2302 esse
520 2240 636 2304 scribit.
689 2241 788 2324 Quod
810 2240 965 2319 Cythnon
986 2239 1183 2321 Cycladibus
1205 2224 1260 2302 alii
1281 2241 1330 2301 arl-

281 2355 470 2412 numerant,
503 2343 589 2404 nillil
606 2343 640 2402 in
658 2355 743 2404 tanta
766 2343 960 2424 opinionum
977 2345 1130 2404 varietate
1151 2342 1266 2412 obstat,
1297 2355 1330 2404 et
1367 2419 1369 2424 ,

281 2443 363 2506 insra
385 2458 497 2506 contra
523 2445 623 2506 libros
647 2445 877 2526 aquiburdam
903 2445 936 2504 lu
962 2445 1155 2529 Cycladibus
1184 2448 1330 2527 ponitur.
1390 2435 1396 2526 l

285 2546 408 2610 Cianos
431 2557 554 2616 tamen,
588 2547 675 2628 quod
697 2547 751 2607 hic
772 2545 846 2606 libri
872 2546 1050 2618 obiiciunt,
1084 2544 1224 2608 sustineri
1245 2546 1330 2608 sorte
1392 2551 1395 2646 l

281 2643 378 2730 possit
406 2668 445 2710 ex
466 2647 606 2711 Philone
632 2649 666 2708 in
691 2648 838 2710 Flaccum
869 2669 901 2729 p.
928 2659 1013 2728 540.
1041 2649 1093 2712 erle
1121 2649 1232 2732 Maug.
1274 2651 1332 2730 qui
1393 2647 1394 2742 l

185 2823 189 2840 Ι
280 2747 403 2814 Kiuvov
426 2747 560 2810 insulam
577 2751 733 2834 adtingit,
759 2750 816 2810 ulti
835 2746 1033 2833 persequitur
1048 2749 1173 2812 cursum
1190 2772 1207 2810 a
1222 2753 1330 2812 Sunio
1392 2755 1393 2850 l

280 2853 320 2912 ad
350 2851 514 2920 Andrum,
548 2852 581 2911 in
611 2870 675 2934 quo
698 2865 935 2934 praetervectus
962 2853 1005 2914 est
1032 2853 1161 2915 Flaccus
1184 2848 1330 2939 Ἑλένην,

203 2945 208 2962 “
280 2949 421 3023 Ilionea,
450 2943 583 3016 Κύθνου
602 2968 636 3014 et
659 2953 733 3015 alias
755 2949 933 3038 στοιχηδόν
954 2951 1117 3040 κειμένας,
1145 2937 1329 3016 dummodo
1388 2977 1391 3066 q

192 3044 197 3054 ¹
273 3055 411 3116 aliunde
426 3072 548 3118 nomeu
565 3068 690 3116 certum
711 3055 879 3125 coostaret,
906 3058 1028 3117 neu'ibi
1043 3059 1152 3138 potius
1168 3057 1207 3116 ad
1226 3057 1329 3118 Ceam
1358 3094 1365 3102 ,

224 3231 228 3238 ι
280 3155 485 3220 referendum
516 3157 696 3227 videretur,
736 3160 785 3217 uti
810 3159 908 3218 etiam
926 3157 1052 3246 ‚iudicat
1080 3157 1262 3242 Welleling.
1288 3159 1329 3220 acl

162 3271 166 3287 ‘
242 3339 249 3348 .
280 3257 440 3321 Antonini
460 3259 567 3321 itiner.
590 3281 622 3342 p.
641 3271 725 3339 523.
752 3260 807 3341 qui
827 3259 930 3341 potest
949 3259 1082 3324 consuli.

357 3460 561 3543 (chlcia)
614 3461 816 3534 prutenos,
851 3463 1000 3526 Ciaccon.
1033 3463 1116 3547 Lips.
1147 3464 1326 3548 Prehdiger.

278 3562 420 3624 vindob.
444 3564 598 3654 Colchis;
625 3565 735 3628 Cibin.
759 3551 932 3638 Clausulam·
960 3567 1051 3651 Prag.
1079 3559 1207 3640 Colum·
1239 3567 1326 3629 Gud.

268 3662 451 3746 'Celer-thim·
478 3667 619 3748 Vaticani
638 3681 672 3727 et
691 3668 807 3748 reliqui
823 3689 902 3728 cumv
914 3669 1113 3732 editionibus
1136 3667 1255 3730 conlati
1275 3669 1328 3730 ba·

277 3761 378 3825 buill'e
400 3769 553 3827 vitientur
571 3765 713 3830 Coabis.
766 3769 892 3852 Nempe
912 3770 952 3832 fic
970 3791 1083 3834 omnus
1098 3772 1261 3835 editiones
1277 3791 1328 3832 ex·

278 3864 393 3926 hibent
410 3869 448 3928 ad
466 3863 607 3930 Voffium
623 3890 659 3930 ua
684 3889 740 3939 ue,
767 3889 892 3954 praeter
912 3892 952 3935 1.
968 3893 999 3937 2.
1017 3893 1051 3953 9.
1073 3889 1129 3950 13.
1156 3878 1191 3934 in
1210 3875 1327 3955 quibus

278 3966 397 4050 legitur
418 3968 537 4033 Calais.
591 3891 716 4034 Vosllus
735 3969 843 4054 posuit
865 3975 1009 4044 Chalcia,
1034 3977 1121 4058 quod
1144 3991 1177 4037 et
1200 3995 1327 4058 accepe-

277 4081 354 4128 runt
382 4069 559 4150 sequentes.
611 4073 736 4136 Plinius
761 4057 893 4156 quillem
910 4079 950 4150 ,in
972 4079 1043 4138 loco
1068 4076 1159 4158 supra
1183 4079 1328 4138 indicato

207 4247 211 4255 ἱ
275 4159 373 4232 habet
401 4171 549 4246 Chalcis,
584 4177 672 4256 quod
706 4189 740 4238 et
771 4179 907 4240 retinuit
938 4181 1146 4252 Harrluinus3
1191 4193 1225 4242 at
1248 4181 1327 4242 alibi
