2832 4866
170 441 174 449 ·
252 449 321 524 ⁴5²
541 433 803 540 aeteruum
840 437 1004 548 nater

319 523 330 558 d

255 611 432 678 meridiem
444 611 591 696 procedit
607 611 687 674 ordo
706 611 820 694 Melea.
859 613 902 674 Et
919 614 951 674 id
970 612 1094 680 dicetru
1103 601 1207 702 super
1223 593 1306 694 apud

246 715 467 800 ¹Geographoe
487 729 610 790 peteres
635 712 889 797 septentrionalia
912 714 1036 798 semper
1058 725 1175 777 'vocare
1198 712 1329 786 solima,

256 817 391 900 superna
414 829 446 878 et
469 815 628 878 editiores
665 832 701 877 ut
721 817 778 880 lib.
805 829 837 896 5.
867 838 893 880 c.
920 839 949 879 r.
987 817 1099 880 Cetera
1118 807 1222 907 super
1248 816 1304 876 To·

258 921 372 982 raurici
395 905 559 990 incolum
592 931 624 978 et
649 937 716 1000 cap.
736 933 769 996 3.
773 919 899 999 Super
918 917 1011 981 Albin
1029 917 1188 982 Codanus
1200 914 1304 1008 finus.

87 1057 89 1065 ι
170 1007 172 1013 ’
215 1085 219 1102 ,
255 1022 329 1084 Imo
361 1017 525 1082 manifeste
551 1020 646 1082 docet
679 1020 781 1092 Mela,
825 1021 934 1082 Tale-in
967 1019 1028 1083 else
1060 1019 1244 1096 Terraconi
1268 1019 1306 1080 ad
1402 1005 1404 1029 ¹

172 1155 209 1213 ,ι
256 1121 520 1205 septentrionem.
552 1123 941 1185 r.ertort'ov1ueiunota
962 1121 1138 1216 posteriori.
1180 1119 1319 1186 Omnes

256 1222 382 1286 codic'ee
405 1223 561 1284 exhibent
582 1225 702 1299 moires,
736 1225 793 1286 nisi
816 1223 936 1306 quod
927 1247 961 1286 in
984 1222 1067 1308 Lips.
1091 1223 1190 1285 obelo
1216 1239 1305 1285 nota·

255 1339 328 1389 tum
350 1339 424 1393 erat,
456 1325 539 1406 quasi
564 1325 737 1388 delendum
754 1327 807 1410 vel
830 1325 1018 1409 suspectum.
1069 1327 1122 1388 Sic
1144 1327 1305 1388 editiones

255 1423 489 1508 antiquissimae
506 1429 549 1486 ita
564 1441 710 1498 tantum,
737 1443 772 1489 ut
792 1430 893 1489 maius
916 1431 1115 1512 coniungant
1132 1447 1208 1489 corn
1231 1429 1305 1488 Tar·

226 1547 229 1567 ¹
255 1549 342 1598 rnen,
368 1543 403 1590 et
419 1529 736 1610 deincepeincidant,
759 1543 813 1592 aut
829 1532 952 1592 finient.
1005 1531 1066 1592 Vix
1082 1531 1184 1614 igitur
1202 1523 1305 1612 deleri

254 1631 359 1712 potest
385 1644 418 1692 et
449 1649 488 1692 ex
519 1645 600 1692 noto
625 1651 725 1714 aeque
752 1653 860 1692 amnes
885 1631 1051 1693 emersisse.
1106 1630 1176 1713 lpsa
1208 1615 1304 1694 etiam

212 1735 220 1744 '
255 1733 358 1802 oratio
393 1730 497 1792 Melae
523 1733 634 1802 docet,
669 1751 765 1814 parva
794 1727 848 1792 hic
877 1721 1011 1793 flumine
1044 1735 1304 1796 commemorari.

254 1833 344 1904 Tum
363 1827 498 1894 molesta
527 1833 565 1892 fit
595 1845 628 1894 et
658 1835 766 1906 ieiuna
800 1833 852 1894 ille
878 1819 1069 1916 synonymia
1085 1829 1233 1922 stuntinu
1256 1869 1304 1887 -

124 1967 131 1978 ν
212 1955 214 1961 ·
254 1955 374 2018 umner.
428 1936 553 1996 Porro
544 1949 654 2016 inepte
670 1915 710 1996 stc
728 1921 918 2006 subiicietur.
945 1939 1159 1998 Tarraconem
1178 1936 1304 1999 aTulci

253 2039 388 2121 adtingi.
427 2037 469 2098 At
478 2031 567 2099 de''
546 2022 585 2098 ue
606 2037 817 2099 luculenter
809 2059 872 2098 tam
892 2038 1039 2120 exposuit
1063 2041 1089 2100 l.
1105 2038 1303 2108 Gronovius,

207 2137 212 2150 “
253 2143 311 2221 qui
333 2142 367 2198 in
385 2153 460 2200 notu
483 2139 552 2216 MS.
570 2137 676 2207 addit,
703 2138 928 2201 obscuritatem
950 2141 1043 2200 fluvii
1065 2159 1131 2201 non
1154 2140 1243 2229 posse
1263 2161 1311 2202 re··

253 2243 389 2307 morari.
417 2260 492 2300 cum
508 2253 541 2300 et
558 2241 601 2300 ita
624 2241 809 2302 aMarriale
827 2253 861 2320 4,
888 2253 946 2319 5¹5,
976 2257 1009 2306 α.
1033 2241 1226 2302 nominetur
1248 2243 1304 2304 flu·

252 2363 331 2405 meu
348 2331 474 2422 aliquod
495 2341 622 2404 Graizts.
665 2344 767 2426 Igitur
780 2339 916 2424 peffime
933 2343 1046 2404 hence
1063 2341 1172 2404 Voffio
1189 2341 1310 2438 factam¹

254 2445 315 2506 esse
332 2447 562 2516 mutationem,
589 2444 645 2526 qni
664 2464 702 2504 ex
721 2446 853 2526 oppidio
877 2445 1011 2508 flumina
1029 2445 1193 2518 intulerit,
1222 2448 1303 2506 iudi·
1397 2448 1402 2495 i

216 2531 339 2616 scatit
365 2548 467 2606 etiarn
486 2545 522 2607 P.
548 2543 588 2606 de
611 2545 715 2608 Merca
737 2549 772 2606 in
797 2547 901 2608 Marce
924 2545 1012 2628 Hisp.
1034 2563 1064 2616 2,
1088 2565 1123 2626 9,
1142 2563 1174 2610 2.
1200 2569 1234 2629 p.
1257 2553 1301 2612 ni.

200 2675 203 2682 ·
260 2663 353 2726 130.
376 2650 433 2728 qui
447 2661 560 2735 tamen
580 2647 613 2706 in
636 2667 675 2708 eo
697 2643 853 2730 diecrepat'
874 2669 891 2710 a
915 2649 1102 2718 Gronovio,
1137 2652 1229 2729 quod,
1251 2651 1302 2710 hic

202 2776 206 2782 ·
253 2750 369 2813 Maius
392 2749 487 2811 flrrvii
518 2749 640 2810 nomen
670 2763 780 2832 putet.
823 2748 888 2831 ipse
906 2752 1120 2812 adiectivum'
1137 2751 1236 2822 dicit,
1270 2766 1302 2814 et

220 2837 227 2850 ³
251 2852 362 2913 locum
387 2849 427 2944 stc
453 2849 608 2931 explicat:
652 2851 865 2915 Rubricatum
893 2854 975 2913 iuter
995 2865 1162 2934 utramque
1186 2855 1302 2915 urbem

252 2973 327 3034 cum
345 2936 437 3012 antea
457 2971 593 3033 parvum
614 2950 709 3014 suerit
724 2953 869 3025 flumen,
891 2955 999 3043 augeri
1020 2957 1108 3035 aquis
1127 2944 1303 3018 increscen-

251 3054 356 3124 tibus,
389 3035 476 3134 quo'd
499 3053 642 3114 lustranti
657 3057 740 3136 ripae
761 3055 830 3116 eius
852 3055 889 3115 ab
913 3055 996 3117 ostiie
1019 3054 1176 3136 sup'eriura
1193 3057 1303 3120 versus

220 3182 232 3238 j
253 3169 376 3220 certum
394 3155 461 3217 fieri
480 3151 575 3236 poffit
593 3155 631 3216 eb
654 3157 776 3236 oppido
793 3155 990 3228 Martorello,
1014 3155 1070 3216 ubi
1087 3156 1182 3236 Noya
1198 3161 1302 3222 amnie

251 3258 362 3321 influit
381 3257 416 3316 in
440 3255 649 3318 Rubricatum
669 3257 824 3326 flauum,
851 3259 924 3338 qui,
953 3279 1026 3319 cum
1049 3255 1140 3328 entea'
1162 3281 1220 3342 per
1243 3260 1304 3324 sco·

251 3361 347 3443 pulos
369 3360 457 3420 etad
475 3362 597 3423 montis
618 3348 733 3423 Sertati
754 3359 874 3422 radices
892 3357 1092 3421 conluctatus
1109 3359 1162 3430 sit,
1190 3360 1221 3424 se
1245 3383 1301 3446 per

252 3455 445 3523 laxiffimum
470 3461 597 3543 alveum
619 3461 653 3520 in
668 3479 754 3522 mere
776 3460 936 3538 effundet,
964 3461 1191 3544 praeterlapsae·
1210 3479 1302 3527 antea
1406 3519 1407 3554 ἐ

255 3575 366 3647 agrurn
389 3564 501 3644 oppidi
523 3563 621 3624 hodie
643 3563 816 3642 San-Boy.
870 3563 961 3646 Quae
982 3565 1149 3644 explicatio
1170 3566 1240 3660 loci
1261 3567 1321 3627 ad·

217 3714 218 3717 η
254 3666 482 3730 vindicandam
504 3665 660 3726 librorum
687 3665 861 3744 lectionem
885 3677 1089 3746 comparatu
1114 3666 1169 3726 etsr
1192 3671 1314 3748 primo
1378 3707 1383 3716 ·

87 3767 93 3776 '
150 3782 152 3788 ·
251 3767 374 3828 intuitu
396 3765 539 3828 adridere
560 3760 673 3848 possit,
700 3767 801 3851 magis
823 3779 932 3828 tamen
954 3781 1079 3851 arguta,
1106 3785 1202 3848 quam
1221 3789 1298 3832 vero

255 3868 423 3948 Melaeque
445 3869 682 3928 accommodata
698 3869 841 3946 ¹videtur.
881 3857 929 3932 ‘'si
944 3867 1154 3930 Rubricatum
1176 3872 1211 3932 in
1226 3869 1299 3932 Ber·

254 3958 381 4032 cinonie
403 3969 496 4030 litore
513 3971 652 4056 ponitur,
680 3967 813 4031 deduxit
829 3957 951 4030 iam-'ad
971 3980 1067 4040 mare,
1092 3965 1151 4030 ub'i
1168 3987 1298 4034 auctum

175 4075 177 4081 ’
256 4073 327 4134 aliie
346 4070 533 4132 fluminibus
556 4072 711 4160 increvit,
738 4069 798 4132 nec
819 4070 921 4153 potest
944 4067 1104 4154 sequeutia
1119 4059 1296 4136 adnectere.

255 4173 467 4240 'sumturbat
483 4174 629 4236 locorum
651 4174 794 4238 irrumet
815 4173 1028 4239 Rubricatum
1043 4159 1174 4253 didicit.
1214 4175 1296 4242 Cum
