2794 4868
281 493 351 568 ote
488 445 511 500 ‘¹
583 473 1043 585 ,uenientia-arara:

245 746 248 755 Ι
286 680 351 732 aar.
371 681 404 738 o,
428 664 587 749 rastas.
626 663 722 733 Cum,
749 661 1106 746 utiuperioradoceut,·
1128 649 1323 728 nullaerlitie
1381 637 1384 766 l

285 768 350 831 hoc
363 788 486 829 nornen
503 764 592 835 serat.
616 767 739 828 mirum
756 765 808 836 ell,
828 769 917 838 'unde
937 768 1073 838 duxerit,
1099 767 1157 827 nisi
1171 785 1229 848 pro
1247 766 1326 826 Mela

285 870 411 934 Plinius
428 867 662 930 substituendus
679 867 724 929 su.
761 867 916 932 Meurlius
930 871 1085 963 quidem
1077 866 1326 932 iactantior
1383 887 1384 904 ¹

286 992 313 1036 c.
334 985 389 1052 15.
410 991 442 1055 p.
460 969 517 1034 61.
544 969 1011 1040 rectel'liniumethllnum
1035 958 1117 1032 solos
1135 971 1328 1051 ῑεΓῐεε,·ρτο·

287 1077 387 1138 ducit.
431 1067 597 1158 Πάνακρα
618 1071 750 1160 quidem
772 1057 1000 1140 aCallibtacho
1024 1086 1326 1138 commemorantur,

288 1171 339 1244 sed
357 1189 504 1238 montem
526 1173 664 1258 intelligi
683 1186 787 1256 patet,
819 1194 883 1255 quo
900 1177 1033 1236 nomine
1056 1179 1153 1236 etiam
1176 1171 1330 1234 recensuit

254 1263 257 1270 ¹
287 1277 480 1358 Stephanus,
503 1274 646 1336 arlsumto
667 1275 855 1337 Callimachi
877 1276 1071 1340 testimonio.
1134 1277 1245 1360 Quam
1264 1272 1330 1334 sub·

287 1380 355 1439 iicit
381 1380 434 1438 ille
458 1371 634 1462 Πάνακρον
657 1375 788 1448 urbem,
819 1378 919 1460 Cypri
943 1398 978 1440 ea
1005 1375 1083 1448 suit,
1119 1400 1187 1439 nun
1209 1376 1330 1438 Cretae.

287 1482 350 1546 Seri
372 1500 431 1542 nec
447 1473 667 1562 usvairpam
681 1468 886 1568 Callimacho.
902 1481 1057 1559 peculiare
1074 1482 1197 1542 montis
1213 1496 1330 1539 nornen

289 1597 321 1642 et
340 1583 507 1664 proprium
530 1577 621 1640 suille
645 1580 791 1651 videtur,
827 1579 878 1642 secl
905 1574 963 1670 ripa
983 1577 1137 1668 ravenna
1160 1582 1330 1642 coniuncte

288 1685 404 1770 polita,
430 1698 468 1744 ut
491 1668 523 1744 et
545 1681 591 1742 ibi
608 1683 744 1764 explicat
761 1685 959 1764 Stephanus,
994 1686 1130 1744 omniun
1149 1684 1190 1746 de
1209 1681 1330 1744 excelsu

291 1787 405 1849 Cretae
428 1784 595 1862 montibus
616 1797 649 1846 et
670 1785 705 1844 in
729 1784 842 1867 primia
860 1787 896 1846 in
919 1784 1107 1848 Callimachi
1128 1786 1201 1848 loco
1224 1786 1268 1845 de
1281 1784 1330 1843 lda

289 1888 430 1971 intelligi
452 1886 583 1948 debent.
633 1886 741 1970 Quare
760 1887 842 1947 etin
860 1887 1025 1950 montibus
1041 1888 1154 1962 Cretae
1176 1885 1330 1948 recensitis

289 1990 353 2052 boc
378 2008 501 2070 nomeu
525 1986 648 2047 silentio
671 1989 835 2068 praeteriit
855 1987 991 2052 Plinius.
1051 1990 1187 2070 anue
1211 1987 1331 2048 confici·
1384 2054 1385 2073 χ

288 2106 353 2163 tur,
380 2093 529 2152 Panacra
549 2089 601 2148 hic
617 2085 691 2150 ferri
707 2092 842 2151 minime
859 2091 955 2170 polle.
972 2109 1041 2154 nec
1055 2111 1076 2152 a
1074 2089 1255 2152 codicibus
1271 2087 1331 2171 sug·

192 2246 198 2258 ,
291 2189 376 2278 geri.
409 2189 499 2272 supra
520 2203 714 2254 memoratae
736 2192 890 2260 lectiones
912 2191 991 2254 satia
1005 2193 1172 2254 declarant.
1230 2189 1331 2276 Quam

294 2295 383 2358 euim
404 2313 444 2354 ex
470 2291 532 2354 suia
560 2271 708 2372 adposuit
730 2288 873 2364 Vossius,
907 2307 985 2386 nota
1012 2295 1055 2356 eft
1076 2296 1147 2356 eiua
1170 2291 1310 2363 fides,
1301 2313 1331 2351 aa

234 2421 237 2430 ’
291 2397 405 2459 multra
420 2394 498 2456 locas
514 2390 662 2456 consolla
702 2395 907 2456 Remanent
898 2398 996 2482 agatur
1015 2393 1189 2458 manifestis
1209 2395 1331 2456 indiciis
1384 2441 1385 2444 ,

204 2519 206 2526 ’
291 2497 437 2580 proditae
464 2495 663 2574 Therapnae,
698 2517 776 2576 quaa
798 2496 912 2559 diserte
938 2500 971 2562 ln
1000 2499 1178 2580 praecipuis
1204 2497 1333 2558 urbibus

239 2615 249 2634 ⁴
292 2611 442 2661 numerat
460 2597 599 2661 Solinus.
652 2597 717 2659 Etsi
744 2599 831 2660 enim
855 2587 955 2666 nemu
973 2614 1095 2682 praeter
1122 2620 1199 2662 euru
1221 2613 1255 2660 et
1274 2595 1332 2661 Pii·

292 2689 385 2764 nium
405 2719 475 2762 eam
495 2702 740 2770 memoraverit,
775 2702 911 2764 minime
934 2714 1041 2764 tamen
1064 2703 1097 2762 id
1121 2701 1240 2771 obstat,
1275 2718 1333 2780 quo

186 2802 190 2814 '
291 2804 401 2880 minua
429 2802 616 2882 recipiatur,
650 2801 835 2864 cumidem
859 2800 1045 2864 observetur
1073 2806 1171 2864 etiam
1198 2804 1233 2864 iu
1261 2803 1332 2869 aliis,

193 2941 201 2958 .
293 2905 397 2966 veluti
419 2901 611 2981 Holopyxra,
645 2916 678 2964 et
702 2902 825 2968 Pliniue
851 2919 973 2988 praeter
1001 2907 1117 2986 oppida
1141 2887 1333 2965 nominatim

255 3073 259 3080 ,
290 3005 446 3089 producta
465 3003 601 3066 aliorum
623 3006 746 3070 circiter
762 3007 816 3066 LX
839 3008 1029 3068 memoriam
1046 3007 1162 3068 exstare
1179 3007 1331 3067 adfirmet.

292 3107 377 3182 Cum
401 3124 498 3187 porro
521 3107 619 3172 etiam
643 3107 889 3170 Lacedaemonii
914 3109 1047 3169 colonos
1071 3111 1104 3168 in
1130 3108 1261 3170 Cretam
1284 3108 1332 3166 ale·

222 3273 229 3282 ,
293 3209 460 3278 duxerint,
488 3207 574 3288 qubd
594 3206 633 3267 de
654 3208 751 3285 Lytto
768 3207 820 3269 seu
839 3209 938 3288 Lycto
954 3229 992 3282 ea
1009 3211 1185 3272 Aristotelis
1207 3209 1330 3269 Politia.

294 3325 328 3384 2,
350 3323 384 3386 a.
411 3322 443 3370 et
459 3308 596 3387 Polybio
614 3320 647 3388 4,
664 3305 760 3386 filas.
783 3308 921 3382 discitur,
948 3299 1033 3373 hoc
1028 3331 1151 3413 nornen
1164 3311 1332 3372 commode

290 3432 309 3474 a
330 3411 509 3494 Therapnis
526 3411 692 3475 Laconicia
712 3413 779 3493 peti
796 3414 914 3534 potuit.
1131 3424 1138 3430 ·

369 3611 581 3698 Cydonia)
633 3615 788 3700 Vaticani,
814 3612 973 3699 (opinor)
999 3613 1084 3699 Lips.
1111 3615 1226 3679 Venet.
1252 3611 1332 3676 lleh·
1385 3629 1386 3638 ¹

292 3714 393 3799 diget.
419 3716 524 3777 Havn.
550 3711 691 3798 Cyclour
709 3716 798 3778 Vols.
821 3739 849 3780 ι.
876 3717 1051 3782 lllediolan.
1079 3719 1248 3800 Cydonea,
1281 3715 1332 3776 etsi

248 3812 417 3900 -Avolstus
440 3817 578 3880 omnino
601 3831 692 3880 notat
716 3839 753 3880 err
775 3819 865 3881 libris
890 3818 1053 3893 Cidorrea;
1088 3821 1197 3884 Cibin.
1213 3817 1332 3900 Cydon

189 3967 195 3974 ,
290 3938 343 3987 ea,
372 3919 414 3978 atl
441 3939 534 3999 quam
561 3919 734 3980 lectionem
757 3923 854 3980 etiam
881 3922 1005 3990 ducunt
1030 3923 1076 3982 illi
1101 3923 1245 3990 codices,
1279 3917 1334 3998 qui,

288 4021 435 4112 proniore
455 4018 524 4100 post
538 4039 597 4099 pro
616 4013 817 4112 Maratluffa
825 4002 952 4101 babent
969 4016 1194 4114 Cameratajo,
1221 4013 1331 4104 prioris

288 4120 434 4181 vocabuli
460 4119 575 4199 syllaba
598 4122 709 4182 ultima
736 4125 927 4186 adhaerente
946 4140 982 4187 et
1004 4148 1041 4186 ea
1065 4127 1099 4186 iu
1123 4147 1163 4186 ca
1192 4135 1331 4189 mutato;
1385 4183 1386 4202 χ

275 4219 473 4302 ¹Parilieules
494 4234 569 4295 trae,
594 4221 740 4313 Vindob.
756 4225 848 4310 Prag.
872 4225 957 4290 Gud.
986 4225 1110 4300 Cido'a,
1140 4227 1191 4288 uti
1220 4225 1332 4310 legitur
1385 4259 1386 4278 r
