2794 4868
207 491 210 500 ·
261 463 327 544 ooo
556 469 805 528 ronronn
847 471 1012 528 natan

264 641 326 708 but
350 641 434 708 alibi.
489 645 589 728 Quod
614 645 637 708 ii
665 645 758 706 snum
789 662 829 706 ex
855 643 1016 729 graduum
1041 643 1248 728 longitudine
1274 654 1306 706 et

262 745 432 810 latitudine
465 748 605 808 metiaris
635 749 829 828 aliarumque
861 745 1033 806 insularum
1063 765 1104 808 ex
1136 745 1200 808 tab.
1226 745 1303 808 Pau·

263 851 380 934 tinger.
396 849 434 911 E.
454 850 488 914 6.
510 851 662 911 viciniam
679 845 833 920 conferas,
859 844 962 939 Ice'sta
977 847 1160 910 Ptolemaei
1180 847 1304 908 videtur

265 950 344 1022 elle,
370 949 499 1032 quaein
516 949 622 1011 tabula
636 952 720 1012 inter
737 950 919 1031 Strongilrn
934 963 967 1011 et
984 948 1113 1032 Dyman
1137 949 1193 1028 (irc
1207 949 1306 1026 enim)

264 1054 428 1114 conlocata
448 1054 614 1132 reperitur.
640 1051 785 1116 Herculis
799 1043 914 1141 insula,
940 1069 1019 1132 quae
1041 1053 1140 1113 etiam
1156 1051 1304 1112 Heraclia

264 1168 399 1218 vocatur
415 1155 448 1214 in
464 1155 621 1216 Antonini
642 1156 713 1216 itin.
731 1176 765 1235 p.
784 1167 869 1230 517.
909 1154 1005 1234 Apud
1020 1153 1304 1238 Geogrdiavenn.

264 1267 300 1336 5,
326 1270 386 1335 23.
407 1273 521 1317 omnes
545 1257 616 1346 illae
639 1255 775 1324 iniulae,
808 1275 885 1336 quae
907 1254 1035 1316 Erculis
1066 1256 1222 1336 adpellat,
1255 1253 1306 1314 etii

265 1359 421 1437 corruptio
441 1357 647 1426 nominibus.
677 1356 766 1418 facile
780 1359 820 1418 ad
840 1357 978 1420 aliorum
997 1354 1164 1420 recensum
1188 1375 1307 1418 accom-

265 1461 441 1521 modantur
462 1471 585 1540 praeter
605 1462 786 1539 Pagrrarea,
811 1457 981 1520 Wlacam
995 1471 1028 1518 et
1047 1454 1222 1549 Bafiliclin.
1260 1459 1308 1518 Ex

224 1545 227 1556 ¹
264 1560 381 1644 quibua
404 1579 478 1626 cum
501 1562 624 1641 priores
650 1580 747 1623 voces
770 1557 886 1622 referre
909 1561 1082 1646 videantnr
1102 1559 1208 1620 Hiero
1233 1557 1270 1622 V
1267 1559 1308 1620 ai·

263 1663 351 1734 cani,
386 1663 435 1722 uti
456 1659 569 1726 diserte
589 1666 624 1723 in
647 1653 793 1724 Diodoro
811 1676 845 1740 5,
867 1677 901 1735 7.
923 1664 968 1724 in.
991 1663 1185 1744 adpellatur‚
1220 1661 1310 1722 restat

261 1761 442 1854 Basilidin,
477 1766 520 1824 ita
541 1779 579 1824 ut
601 1762 701 1824 insola
721 1764 923 1845 Evonymos‚
947 1784 1028 1844 quae
1052 1763 1212 1826 Strabone
1236 1762 1309 1823 teste

265 1887 294 1930 o.
310 1868 332 1928 l.
359 1863 398 1928 fic
413 1866 496 1926 dicta
513 1865 573 1935 eli,
599 1868 687 1946 qood
708 1886 725 1926 a
741 1867 852 1946 lipara
866 1867 901 1926 in
917 1866 1060 1927 Siciliam
1081 1865 1309 1948 navigantibus

261 1969 403 2030 maxime
424 1968 461 2027 ad
484 1965 702 2037 taurominii,
737 1969 867 2048 proprio
885 1967 982 2028 etiarn
1003 1969 1138 2028 nomine
1160 1966 1310 2050 inlignita

199 2070 206 2080 '
263 2067 354 2130 inille
370 2069 517 2136 videatur
532 2068 690 2134 Heracleo
704 2070 757 2133 vel
771 2065 947 2158 Basilidis..
974 2070 1037 2130 Sed
1052 2065 1074 2130 t
1090 2071 1163 2150 quie
1179 2069 1308 2148 Pog'nn·

263 2191 321 2262 raa⁸
333 2189 372 2232 ex
390 2169 546 2262 Heracleo
559 2184 747 2252 corruptum
763 2171 868 2241 malit,
894 2165 1058 2260 Basilidin
1073 2173 1135 2232 alio
1156 2173 1308 2252 pertinet.

265 2273 439 2366 Cluverius
464 2285 572 2334 tamen
597 2273 632 2332 in
663 2273 769 2334 Sicilia
794 2285 860 2334 ant.
886 2287 917 2342 a,
945 2281 1000 2354 14.
1021 2293 1053 2354 p.
1072 2283 1160 2350 415.
1188 2293 1229 2334 ex
1252 2271 1308 2331 filu

263 2375 391 2436 tabulae
407 2375 555 2458 conligit,
581 2375 715 2435 eandem
732 2369 791 2434 elie
808 2373 907 2434 hodie
922 2365 1102 2460 Bastiuzao,
1125 2391 1195 2454 quo
1209 2375 1308 2456 magio

162 2487 165 2502 '
263 2475 368 2559 peiora
389 2478 628 2554 confirmantur.
679 2475 790 2536 illiont
806 2477 895 2538 enirn
910 2489 996 2537 recte
1012 2477 1048 2536 in
1062 2474 1176 2538 nostrie
1194 2475 1309 2536 tabulis

264 2577 457 2658 Eoonymos‘
476 2579 592 2638 dieitur
617 2574 651 2638 V
640 2574 747 2668 stica.
781 2577 986 2640 Ptolemaeus
1009 2579 1143 2657 quidem
1165 2591 1199 2654 3,
1223 2587 1260 2658 4.
1287 2577 1307 2635 fi

263 2679 333 2742 eius
354 2675 463 2769 lcefio
477 2681 588 2750 eadem
605 2677 663 2756 est,
689 2679 768 2759 qua'e
792 2677 957 2748 Her'acleo,
984 2677 1087 2740 adfert
1105 2683 1207 2739 etiam
1222 2679 1308 2739 Evo-

263 2800 396 2862 rrymmz,
428 2778 480 2840 led
503 2782 736 2843 eodemmodo
756 2769 892 2842 nomine
914 2783 1047 2862 proprio
1061 2795 1096 2842 et
1111 2781 1308 2862 adpellativo

264 2883 416 2963 deceptus
438 2881 497 2942 elle
521 2883 666 2948 videtur.
704 2901 768 2964 quo
790 2881 922 2944 Hieram
946 2897 979 2942 et
1004 2881 1147 2946 Vulcani
1168 2874 1308 2973 insulam

264 2983 442 3066 distinguit.
458 3017 461 3022 ·
479 2981 557 3045 Vici.
577 2982 781 3046 Calaubonua
803 2984 842 3045 ad
857 2980 1049 3046 Strabonem
1071 2984 1127 3046 lib.
1146 2985 1179 3046 6.
1204 3006 1238 3066 p.
1263 3005 1307 3046 m.

158 3131 160 3141 .
269 3081 388 3165 190.l.
410 3097 491 3162 275.
525 3083 662 3146 isidoras
680 3085 770 3168 Orig.
792 3096 847 3163 14.
866 3086 900 3146 6.
950 3083 1170 3174 Erioodemet
1192 3087 1306 3146 Ericu-

201 3201 204 3216 ¹
256 3179 351 3280 sam,
375 3184 606 3264 Phoenicoclem
629 3201 661 3248 et
683 3177 928 3278 Plzoenioasam‚
957 3206 1036 3266 qnae
1052 3185 1125 3248 lunt
1141 3188 1224 3249 duae
1240 3201 1305 3248 tan·

131 3307 168 3376 ‘¹
214 3281 217 3288 ’
262 3286 444 3360 tumpheit
464 3284 610 3370 quatuor,
636 3301 668 3349 et
690 3289 768 3348 hinc
785 3307 907 3364 novem
921 3288 1055 3358 Aeolias,
1080 3280 1304 3352 utante'aSer·

201 3399 203 3404 '
260 3396 353 3461 vine,
386 3389 581 3472 ipio-tamen
603 3389 708 3455 lecum
727 3391 762 3449 in
786 3389 915 3452 <liveriis
935 3389 1015 3451 looie
1034 3409 1199 3474 pugnano,
1231 3389 1305 3452 fallo

261 3507 423 3554 numerat.
475 3491 548 3552 vid.
570 3489 702 3554 Cluver.
722 3492 758 3552 in
772 3492 880 3554 Sicilia
904 3504 968 3553 ant.
989 3507 1022 3562 Ω,
1046 3504 1100 3570 ¹4·
1122 3513 1156 3574 p.
1173 3507 1244 3572 597
1263 3491 1278 3552 l
1294 3538 1305 3553 .

261 3595 365 3656 Polior
384 3591 532 3681 Therasia
548 3613 588 3654 ex
603 3595 711 3654 Plinio
726 3594 791 3656 ol.
814 3593 895 3678 legi,¹
919 3593 941 3652 ir
959 3613 1027 3654 non
1046 3595 1180 3676 propios
1199 3595 1237 3654 ad
1255 3614 1306 3655 eo·

263 3697 350 3757 dicae
370 3695 493 3757 nostros
514 3693 855 3763 accederetHeraclea.
882 3713 954 3764 nec,
978 3695 1065 3775 quod
1082 3695 1126 3756 eli
1143 3697 1304 3776 aliquanto

146 3825 155 3836 =
262 3800 406 3880 gravina,
433 3796 560 3863 obitura
578 3797 631 3858 illa
650 3817 729 3866 vox,
745 3813 837 3876 ,quae
857 3779 1022 3860 Strabonis
1037 3817 1063 3858 o.
1085 3797 1106 3858 l.
1133 3789 1306 3886 Tlrerrniffo

262 3899 416 3968 videtur,‘
436 3898 475 3958 acl
492 3899 639 3967 Hieram,
664 3897 802 3960 Vulcani
817 3895 970 3970 insulam,
997 3910 1104 3979 aperte
1122 3896 1302 3960 referretur.

231 3985 367 4062 ⁴Hirro
395 4012 511 4064 antem
550 4017 616 4082 quo
647 3999 758 4063 minue
793 4000 935 4084 legatur,
979 3999 1103 4062 obstant
1119 3999 1302 4084 loquentia.
