2794 4868
311 519 376 592 394
562 507 1112 580 „rourorrumnrrn
1201 511 1203 518 ·

314 690 438 772 legunt.
464 703 533 748 non
553 684 704 765 Iginirrni,
718 700 768 746 rut
784 683 977 746 Hermolaus
998 679 1160 768 agnascil3
1185 679 1366 764 baud-'sana

316 807 353 852 ut
371 789 454 850 mihi
474 789 613 856 videtur,
636 799 731 850 recle.
767 787 970 870 Quapropter
987 786 1164 870 legendum
1180 797 1268 866 puto
1285 785 1359 863 Aeg'
1333 805 1365 842 r·

316 893 409 960 lium,
440 891 519 952 sira
513 887 688 972 Argilium
720 901 773 958 ut,
803 889 1083 971 quemadmodum
1107 888 1193 948 dicta
1212 885 1257 948 est
1282 887 1366 947 altera

319 993 419 1054 rosula
435 997 500 1056 Aa
502 991 570 1058 ilos,
595 990 626 1050 id
650 989 709 1058 etl.
741 989 920 1070 Capraria,
947 991 990 1053 ita
1011 989 1090 1050 haec
1109 987 1215 1051 forma
1233 988 1366 1048 diminu·

319 1098 385 1156 tiva
402 1095 555 1176 appellata
576 1091 613 1152 fit
626 1091 782 1172 Aegiliorn
807 1095 840 1154 id
858 1092 912 1162 ell,
941 1091 1124 1171 Capellaria
1141 1105 1176 1152 et
1198 1091 1306 1151 minor
1321 1095 1368 1150 Aa·

319 1201 410 1278 gilas.
449 1208 650 1256 murmura.
704 1191 849 1256 Schedee
870 1195 1030 1276 ¹Palatinae
1049 1191 1082 1252 Υ
1079 1192 1193 1273 gilium
1217 1192 1296 1253 teste
1315 1193 1368 1254 Sal·

320 1299 418 1362 analio
450 1299 485 1358 iu
507 1299 652 1359 exercitt.
675 1293 762 1358 Pliu.
787 1318 818 1379 p.
844 1309 905 1374 95.
938 1297 992 1358 cui
1012 1295 1168 1375 Argilium
1198 1294 1368 1378 legendum

320 1399 503 1462 videbatur.
533 1395 565 1460 ι’.
584 1409 794 1461 uaouovrus.
834 1391 968 1480 Αἴγιλος
985 1396 1118 1479 quidem
1134 1397 1224 1478 apud
1242 1396 1368 1460 Graecos

322 1504 478 1572 obcurrit,
513 1519 609 1582 quam
631 1500 781 1560 amabant
802 1519 924 1590 caprae,
946 1497 1009 1584 (cs.
1025 1497 1196 1561 Theocrit.
1217 1494 1367 1577 5,128.)

320 1603 409 1665 unde
425 1604 521 1663 etiam
540 1598 691 1671 insulam,
719 1622 814 1682 quum
833 1601 943 1662 Graeci
959 1601 1090 1680 Aegilorr
1113 1613 1300 1672 vocarunt,
1323 1601 1369 1659 la·

321 1703 617 1786 tinuaCaprariam
634 1703 801 1764 reddidisse
819 1701 925 1764 scribit
940 1704 1074 1765 Plinius.
1113 1703 1165 1764 Au
1184 1723 1272 1765 vero
1289 1703 1367 1763 dimi·

321 1810 476 1870 nativum
501 1805 535 1865 in
559 1802 619 1864 usu
643 1801 758 1874 suerit,
789 1805 916 1868 dubito.
939 1828 944 1836 ’
988 1805 1050 1867 Sed
1071 1809 1107 1866 'e't
1130 1797 1261 1866 incerta
1284 1805 1325 1867 est
1343 1815 1366 1863 et

322 1907 460 1997 inspecta
475 1907 525 1966 illa
541 1904 657 1970 insulae
674 1905 836 1990 scriptura,
862 1923 895 1970 et
909 1908 982 1968 licet
996 1893 1198 1990 exemplaria
1209 1907 1365 1989 quaedam,

324 2013 422 2073 etiam
452 2009 626 2077 Harduini,
657 2009 804 2089 Aegiliou
828 2013 863 2070 iu
884 2007 995 2074 Plinio
1018 2007 1138 2080 serant,
1172 2011 1239 2071 alia
1262 2023 1364 2076 tamen.

322 2114 410 2196 quod
427 2126 460 2172 et
476 2108 645 2174 Pintianue
662 2111 817 2180 adfirmat,
843 2112 956 2195 legunt
977 2111 1121 2192 Igilium,
1148 2113 1244 2194 quod
1261 2125 1294 2172 et
1308 2131 1363 2192 pro·

324 2215 402 2276 baut
423 2211 552 2278 libriin
576 2212 735 2273 Antonini
756 2214 829 2276 itin.
853 2235 886 2296 p.
904 2224 990 2291 514.
1017 2215 1075 2272 ubi
1096 2215 1206 2276 Surita
1230 2215 1362 2276 Plinium

323 2315 450 2380 secutur
471 2314 601 2376 dederat
624 2301 791 2395 Argilium.
844 2317 931 2376 Tum
955 2314 1085 2395 Igilium
1110 2313 1221 2377 scribit
1250 2317 1361 2375 Martia·

324 2438 386 2480 nna
408 2415 535 2498 Capella
554 2435 581 2478 c.
602 2417 625 2478 l.
659 2417 715 2498 qui
738 2415 888 2504 Plinium
905 2417 1038 2480 reddere
1059 2415 1147 2488 solet,
1173 2431 1210 2478 et
1230 2417 1360 2480 Rutilius

323 2521 359 2582 iu
383 2519 493 2581 itiner.
518 2539 546 2586 r,
571 2528 658 2596 525.
706 2519 757 2580 Da
781 2517 881 2582 Plinii
901 2521 1035 2602 optimis
1060 2519 1265 2582 membranis
1289 2520 1360 2579 idem

323 2619 657 2692 adfirmatSalmasrua
671 2620 711 2680 ad
732 2620 834 2684 Solin.
858 2627 924 2704 rap.
946 2639 977 2706 5.
994 2611 1069 2700 [8.
1089 2643 1120 2702 p.
1140 2643 1185 2686 m.
1207 2621 1270 2699 67.
1322 2622 1358 2679 Eo
1385 2611 1388 2700 Ι

271 2739 276 2748 ’
324 2725 421 2785 etiam
443 2724 568 2782 ducunt
592 2719 721 2806 vestigia
740 2723 890 2784 codicum
914 2724 947 2784 in
967 2723 1049 2784 lulio
1071 2723 1202 2786 Caesare
1219 2725 1264 2786 de
1280 2724 1314 2784 B.
1330 2719 1358 2781 C.

327 2831 360 2896 ἰ,
382 2837 441 2904 54.
465 2843 544 2904 quae
560 2821 706 2907 exposuit
720 2823 981 2906 Oudendorpiua,
1003 2841 1037 2886 et
1053 2842 1265 2909 agnoverunt
1278 2829 1358 2885 inter·

321 2940 440 3009 pretet.
478 2913 625 2986 Eandem
643 2926 675 2984 iu
692 2925 798 2988 nostro
816 2925 1010 3008 scriptrtraun
1034 2929 1148 3004 raieota
1167 2931 1282 3010 priori,
1302 2945 1357 3008 pro

280 3003 284 3018 ⁸
312 3028 494 3110 'batetiam
517 3026 688 3088 Cluverius
709 3028 744 3087 in
766 3029 856 3112 ltalia
877 3043 941 3089 ant.
966 3046 998 3100 a,
1019 3043 1053 3090 2.
1077 3049 1109 3112 p.
1133 3027 1223 3107 502.
1280 3031 1355 3090 Plura
1382 3071 1383 3136 1

323 3129 445 3192 dabunt
462 3127 626 3194 Salmasius
639 3148 669 3190 o.
686 3129 706 3190 l.
738 3129 893 3190 Cellarius
907 3131 940 3190 in
958 3131 1076 3214 Geogr.
1094 3146 1159 3194 ant.
1181 3152 1212 3202 a,
1236 3153 1292 3201 ιο,
1315 3141 1354 3204 15·

214 3263 240 3285 κ
285 3241 288 3252 “
321 3232 498 3294 Burmann.
525 3229 565 3292 ad
591 3229 713 3292 Rutilii
736 3232 829 3295 tinar.
870 3239 906 3293 et
930 3233 1114 3318 Welleliug.
1140 3235 1181 3295 ad
1212 3228 1355 3296 Antonini

321 3333 427 3398 itiner.
455 3351 501 3395 oc.
527 3332 560 3395 ll.
616 3335 654 3394 ln
690 3330 858 3397 Carbonia
890 3323 1097 3396 consentiunt
1133 3356 1251 3399 omuee
1284 3331 1353 3394 libri

249 3467 250 3470 ¹
320 3451 528 3500 uzacuvcua.
582 3398 778 3496 Carbarriam
794 3449 885 3518 putat
901 3429 1094 3498 Hermolaus
1109 3457 1179 3498 earu
1194 3437 1268 3508 esse
1289 3449 1354 3524 qut

295 3612 297 3621 ¹
321 3537 461 3600 al'linio
483 3533 534 3614 [3,
558 3553 612 3598 ta.
630 3533 652 3598 s.
663 3535 720 3618 -.6]
742 3535 1062 3617 ἀίεῐιιίὶῑίἰηηιαηα,
1088 3541 1141 3613 oui
1157 3559 1218 3602 neo
1237 3511 1371 3600 alsontio'

320 3642 468 3709 omuino,
495 3657 556 3700 nec
574 3636 737 3702 dissentio.
791 3625 829 3700 lu
846 3639 997 3702 alterutro
1019 3655 1157 3702 erratum
1176 3641 1304 3710 conitar,
1326 3639 1350 3694 iu

296 3723 396 3803 iutro
420 3735 590 3802 incertum.
626 3757 828 3804 rturtauve.
867 3742 1006 3822 Igilium,
1037 3743 1223 3825 Carbonia)
1276 3737 1350 3802 Libri

318 3839 371 3903 hic
394 3861 462 3902 non
484 3843 616 3904 variant.
667 3836 774 3904 Plinio
795 3843 1022 3928 est‘Barpauffa,
1049 3848 1170 3906 utiam
1191 3845 1348 3906 aliiereat

315 3935 531 4013 observatum,
553 3959 692 4024 quorum
709 3946 820 4025 opinio
838 3945 897 4006 bac
914 3947 950 4006 in
966 3947 1245 4027 praeverterat,
1268 3961 1348 4026 qnam

316 4046 473 4116 Clavem,
497 4041 585 4134 [rid.
601 4039 700 4131 poli]
727 4048 783 4128 q'ui
804 4037 1042 4122 Columbariam
1060 4049 1193 4130 bia-pro
1210 4025 1364 4111 caruanu'

209 4150 213 4160 '
254 4153 285 4200 ,·
315 4145 548 4213 substituebat..
570 4163 713 4212 vostrae.
777 4148 838 4226 vir
872 4148 1055 4234 legitimum
1090 4150 1208 4214 insulae
1242 4163 1347 4212 nomer
