2794 4868
339 491 428 588 c'rn.
460 513 497 566 rr.
539 513 575 590 c.
604 513 667 568 ro.
692 511 737 590 st·
764 521 817 587 18„
1035 517 1097 585 507

36 681 185 744 Maneat
207 699 284 766 ergo
307 683 478 755 Heracleo,
513 697 546 744 et
565 685 620 744 vel
645 676 845 766 Euonymos,
871 683 924 746 vel
946 675 1097 776 Ericuffa
1135 743 1140 756 ,

37 783 268 856 existimetur,
297 787 374 846 dum
395 787 527 870 certiora
546 784 751 847 adferamus?
782 789 830 848 flu
845 785 989 867 Didyme
1008 787 1109 846 nulla·
1153 797 1178 812 ''

37 905 159 956 mora,
196 886 254 947 nili
275 889 347 968 quis
370 907 445 948 cum
468 887 592 950 MSStie
613 885 854 970 praeferendum
878 900 973 971 putet
991 887 1099 969 Didy·
1191 875 1192 882 ἵ

37 1011 108 1050 nra.
149 975 215 1050 Sed
233 971 438 1051 mox'ee'dem
456 975 878 1071 terminatione‘srrougyte.
911 989 984 1050 Post
998 979 1100 1050 Plroe‘·

38 1081 178 1178 nicuffa
193 1109 232 1150 ex
247 1091 334 1153 libris
350 1089 459 1172 poltri,
489 1104 562 1150 tum
583 1111 622 1152 ex
642 1093 803 1176 analogia,
830 1093 918 1172 quod
941 1112 978 1152 ex
995 1091 1098 1153 Φοινι·
1195 1107 1198 1112 ·
1283 1165 1288 1182 N

39 1186 174 1255 κόεσσα
197 1206 305 1254 ortum
328 1192 387 1262 est,
413 1203 485 1252 tum
502 1193 688 1253 auctoritate
705 1193 860 1274 Stephani
877 1193 910 1256 h.
933 1213 966 1256 v.
999 1212 1097 1274 quam
1134 1223 1138 1230 ·
1200 1193 1201 1201 ’

41 1293 83 1355 de
109 1279 268 1365 Pinedo,'
294 1293 464 1356 Berkeliue
486 1308 519 1355 et
540 1293 724 1356 Hollleniuc
746 1297 877 1356 reveriti
898 1297 994 1356 etiam
1015 1285 1097 1364 lunt,
1154 1316 1155 1324 ¹
1209 1321 1211 1328 ·

36 1395 119 1456 licet
137 1407 174 1456 et
190 1394 235 1456 ibi
256 1397 387 1477 quidam
403 1395 534 1478 simplex
552 1415 570 1458 σ
586 1395 715 1457 habent.
768 1397 895 1476 Duplex
911 1397 1009 1460 etia'ru
1023 1397 1099 1480 legi·

39 1511 97 1558 tur
121 1498 160 1557 in
185 1498 391 1559 Strabone'c.
409 1497 431 1558 l.
461 1497 517 1556 ubi
537 1496 651 1578 probat
673 1495 849 1560 Cluverius
870 1517 903 1580 p.
924 1507 1011 1576 414.
1029 1517 1056 1560 c.
1074 1498 1097 1559 l.

40 1601 142 1661 Idem
165 1599 255 1659 valet
279 1599 408 1680 polide
431 1591 621 1687 Pithecuffir.
676 1599 768 1680 Quae
788 1600 821 1659 in
841 1599 1005 1660 codicibus
1030 1597 1100 1660 lub-

43 1701 230 1782 lequuntur
252 1701 333 1761 mire
349 1713 513 1782 corrupta,
542 1701 623 1761 bene
640 1699 779 1760 restituit
791 1695 933 1760 Vossius.
970 1699 1099 1781 Nempe

42 1801 221 1884 separatim
235 1803 358 1865 edenda
377 1801 459 1864 mele
477 1805 511 1862 in
529 1801 631 1886 tinum
652 1815 878 1863 contraxerunt
900 1801 1036 1871 librarii,
1066 1815 1100 1862 et
1201 1857 1206 1878 ,

42 1925 85 1965 ex
107 1907 219 1992 Aetrtu
241 1905 367 1966 lite'ram
389 1905 526 1988 primam
547 1902 838 1988 adpenderuntrrto'
851 1900 952 1993 ficut.
994 1908 1100 1964 Aetna

45 2008 139 2068 enim
165 2007 351 2087 simpliciter
370 2007 405 2067 in
427 2007 491 2067 boc
511 2026 595 2068 nexu
615 2007 724 2066 locum
747 2005 862 2066 habere
885 2006 1012 2086 nequit,
1044 2004 1099 2064 vel

45 2119 173 2172 temere
191 2108 316 2169 'Aeoliis
339 2106 450 2176 insulis
471 2109 709 2190 interponatur,
747 2107 804 2168 nist
827 2107 1100 2188 comparationem

45 2209 163 2272 statuas
185 2209 329 2278 incendii
356 2187 598 2272 fimilisd'actam
621 2208 693 2273 elle.
747 2209 843 2292 Quod
868 2229 941 2268 cum
965 2205 1100 2296 lenfillet

46 2309 239 2381 vadianus,
273 2313 385 2374 relicto
405 2311 562 2373 librorum
587 2313 700 2373 ordine
722 2313 761 2372 ad
788 2311 885 2371 linem
909 2311 1099 2372 narrationis

49 2431 86 2472 ea
108 2413 212 2490 verba
230 2397 370 2476 reiecit(
402 2413 455 2476 Sic
477 2433 555 2475 vero
578 2405 744 2507 Erieuffrr,
775 2413 859 2493 quod
885 2411 1101 2472 exhibuerunt

48 2516 224 2597 pleraeque
242 2515 320 2576 olim
338 2515 506 2584 editiones,
532 2515 586 2576 etlr
602 2516 635 2574 in
653 2533 761 2576 earum
777 2512 949 2574 insularum
970 2512 1100 2576 recensu

51 2617 260 2686 clelideratur,
294 2615 462 2686 evanescit,
493 2633 602 2678 tamen
627 2637 697 2687 nec,
733 2614 827 2676 inseri
846 2614 957 2696 potest,
984 2627 1021 2676 ut
1040 2635 1100 2676 nu-

49 2737 161 2781 merus
195 2719 293 2801 posita
321 2719 391 2802 lege
427 2717 557 2781 constet.
616 2717 788 2780 insurrexit
817 2718 949 2797 quidem
990 2729 1100 2780 contre

48 2818 198 2881 Vossrurrr
222 2822 348 2880 Vrlinus
378 2822 412 2880 in
437 2819 654 2902 disputatione
683 2803 905 2903 vitembergae
933 2815 1037 2894 1668.
1062 2829 1097 2897 4.

48 2921 177 2994 habita,
214 2927 293 3004 qirae
315 2923 558 2984 exercitationes
582 2923 728 2983 continet
750 2921 961 3004 philologicos
981 2933 1014 2980 et
1039 2937 1100 3006 pro
1160 2905 1162 2912 ¹

50 3045 118 3084 non
144 3025 230 3085 mala
254 3023 392 3089 lectione
413 3027 556 3106 peiorem
573 3025 736 3084 invectam
751 3023 811 3084 elle
829 3023 917 3091 dicit,
945 3005 1016 3102 quia
1032 3023 1101 3082 Eri·
1148 3005 1150 3010 ¹

51 3106 256 3188 colla-etiam
278 3123 318 3186 iu
349 3127 418 3187 aliie
446 3125 555 3188 locum
583 3126 638 3186 hic
668 3110 820 3206 occupet,
861 3143 920 3192 nec
943 3125 1039 3184 Hiera
1068 3135 1102 3183 et

52 3228 229 3314 Strongyle
263 3226 343 3288 lolee
380 3225 525 3298 arserint,
569 3245 644 3286 cum
674 3224 771 3308 eiiam
803 3225 852 3285 rle‘
870 3225 981 3305 Lipara
1012 3225 1100 3285 idem

54 3329 169 3390 Strabo
196 3342 229 3392 et
250 3327 375 3391 Plinius
400 3326 459 3390 luie
482 3329 681 3408 temporibus
705 3327 905 3389 observatum
930 3325 990 3386 elle
1013 3327 1103 3386 adlit·

54 3445 165 3501 ment,
198 3413 268 3500 aut,
305 3429 348 3490 fin
375 3427 472 3499 solae,
506 3430 633 3510 antiqua
659 3445 802 3515 tempora
827 3428 1028 3508 Pomponius
1053 3447 1101 3488 re*
1143 3417 1149 3431 '

54 3527 202 3609 spexerit.
256 3531 297 3592 At
322 3530 465 3594 obiectae
494 3529 694 3592 difficultates
727 3530 790 3590 hoc
822 3543 944 3589 nomen
975 3529 1103 3590 admitti

54 3649 122 3692 nou
134 3619 322 3716 'patiuntuc
374 3631 412 3692 ln
433 3633 604 3714 Strongyle
626 3650 704 3694 vero
720 3644 754 3691 et
769 3631 864 3690 Hiera
882 3630 969 3690 idem
989 3631 1029 3694 de
1047 3628 1100 3692 lua

56 3747 158 3796 aetate
179 3737 324 3796 adfirmat
343 3727 507 3796 Diodorus
528 3735 590 3796 Sic.
611 3747 643 3810 5,
669 3747 703 3810 7.
753 3733 791 3792 ln
812 3731 1021 3812 ⁴sequentibus
1044 3730 1099 3793 luo

58 3836 192 3918 ingenio
224 3835 331 3919 posuit
364 3829 503 3904 Vossius,
546 3849 584 3895 ut
615 3836 804 3895 concinnius
839 3833 953 3894 flueret
987 3833 1099 3902 oratio,

57 3955 137 4016 quae
158 3939 233 3999 alias
257 3938 338 3998 male
368 3935 544 3998 cohaereat.
612 3935 723 4007 Certe,
752 3935 811 3996 nili
832 3937 901 4016 quis
924 3933 988 3995 hoe
1009 3935 1100 4004 velit,

59 4057 134 4098 cum
156 4040 309 4101 Pintiano
331 4037 465 4104 inserere
486 4039 581 4100 debet
600 4059 697 4122 quae,
730 4037 771 4098 iic
789 4049 826 4098 ut
845 4051 980 4118 utroque
1001 4037 1100 4098 modo
1156 4083 1158 4088 .
1212 4105 1219 4116 ⁸
1295 4085 1319 4111 ¹.

56 4139 140 4202 ultra
165 4143 291 4204 codices
324 4142 423 4205 oratio
455 4138 658 4206 informetur.
710 4141 749 4202 ln
775 4135 940 4224 postremis
973 4137 1101 4204 duobus
