2794 4868
174 541 178 548 .
246 511 309 578 562
561 451 805 560 rottronrr
842 497 1005 554 nauso

128 737 131 746 ,
251 673 368 770 Borus
357 675 473 746 henes
496 671 649 736 'Illrtricus
666 685 699 732 et
717 671 835 742 similis,
864 673 918 732 etlr
935 671 989 731 hic
1007 671 1175 732 Strabonis
1191 683 1289 733 aucto·

252 777 328 840 ritas
344 776 447 840 obelle
469 777 607 854 videtur.
647 774 743 838 Certe
762 763 897 864 Coffura
914 774 1046 837 retinui.

201 1014 203 1020 ·
328 982 503 1064 propius
523 1007 572 1024 ····
586 978 604 1059 )
641 979 816 1062 Rehdiger.
837 977 977 1040 Vindolr.
994 979 1164 1056 proprius.
1193 974 1293 1040 Clacl

255 1101 288 1156 2,
308 1100 339 1154 2,
361 1105 391 1148 t.
431 1082 505 1145 Post
519 1079 602 1162 Lips.
617 1081 772 1153 Gallaza5
798 1080 883 1142 Gur-t.
904 1081 1077 1164 Rebdiger.
1096 1077 1195 1140 Paris.
1218 1099 1246 1141 1.
1264 1093 1292 1156 5.

254 1184 328 1247 culn
346 1186 420 1247 edd.
444 1205 472 1248 r.
490 1199 523 1246 Ω.
543 1197 576 1263 5.
591 1194 626 1264 4.
645 1194 677 1259 5.
695 1202 729 1262 9.
750 1203 803 1244 tt.
827 1181 971 1252 Gulazu,·
997 1179 1091 1242 Parii.
1106 1199 1138 1244 2.
1154 1181 1296 1250 Bolano,-

253 1289 354 1350 Vatio.
375 1301 407 1364 5.
435 1285 575 1360 Galaro,·
615 1285 666 1346 alii
690 1305 763 1344 cum
787 1285 923 1365 reliquis'
943 1283 1142 1344 editionibus
1165 1283 1295 1344 Galata.

252 1406 461 1450 mcttvcttn.
514 1387 726 1449 scribendum
750 1405 822 1446 cnm
848 1383 1058 1464 adspiratione
1084 1387 1118 1444 in
1144 1386 1297 1468 postrema

208 1533 210 1544 .
258 1489 402 1552 Golotlro
427 1483 465 1550 e'x
486 1489 662 1550 Ptolemaei
688 1481 744 1573 [4,
767 1479 822 1572 5.]
853 1501 885 1548 et
908 1487 1007 1546 Plinii
1039 1477 1095 1572 [3.
1129 1500 1183 1564 ¹4·
1203 1485 1225 1549 Γ.
1243 1478 1294 1570 5.]

254 1605 366 1653 vetere
389 1593 515 1660 codice,
542 1590 689 1671 quamvis
705 1590 908 1650 Ptolemaeus
930 1609 1002 1648 curn
1020 1585 1049 1647 C
1070 1590 1104 1648 in
1126 1590 1296 1669 principio,

258 1683 759 1778 Θαιαιιι..·[1ἱαλά99νῆσὀς.]
789 1709 988 1751 sturmuvs.
1043 1688 1213 1752 Consentit
1238 1695 1298 1750 Ste-

256 1793 381 1876 phanus
397 1793 429 1854 h.
448 1815 480 1855 v.
508 1795 541 1853 in
556 1813 620 1874 qno
635 1793 752 1875 legitor
772 1785 920 1877 llalo'Sp
941 1785 1035 1861 πόλις
1051 1781 1088 1854 οὐ
1107 1787 1222 1880 rro'p'p‘w
1237 1791 1299 1853 τῶν

254 1891 461 1981 ’Ἡρακλείων
488 1891 617 1982 στηλῶν
645 1892 699 1954 luo
734 1892 851 1970 lcjlicet
878 1909 984 1958 more,
1018 1914 1082 1972 qno
1118 1913 1157 1954 ex
1194 1893 1300 1954 infulis

254 1998 349 2060 urbes
366 2010 399 2058 et
421 2011 530 2058 contra
552 1995 643 2066 lacit,
678 1998 725 2055 uti
744 2010 865 2077 praeter
885 1996 962 2056 alios
979 1997 1075 2056 etiam
1094 1995 1141 2054 ibi
1164 2008 1299 2058 monent

214 2111 217 2118 “
255 2079 439 2160 ἀεῬὶηεᾶο
456 2112 489 2159 et
505 2097 687 2159 Berkelius.
720 2100 807 2158 Tum
822 2097 941 2157 librarii
959 2096 1032 2158 Cet
1050 2097 1079 2158 G
1094 2097 1297 2158 commiscere

255 2200 360 2262 solent
374 2203 409 2260 in
425 2201 569 2280 locorum
585 2199 786 2267 nominibus,
812 2219 892 2280 quae
908 2218 947 2259 ex
965 2198 1092 2260 Graecis
1108 2202 1220 2279 potius
1234 2199 1298 2282 rogi

255 2301 387 2368 dehent.
439 2303 507 2369 Sic,
533 2317 572 2360 ut
595 2303 654 2361 alia
676 2303 708 2360 in
732 2300 838 2362 uollto
862 2303 958 2361 etiarn
978 2299 1073 2361 obvia
1095 2316 1297 2381 praeteream,

78 2429 80 2439 ·
165 2447 168 2462 .
255 2417 290 2464 et
305 2405 339 2462 in
356 2401 447 2464 simili
465 2400 629 2472 lnbsrllam,
659 2401 772 2465 Calore
794 2403 911 2486 legitur
925 2415 957 2462 et
976 2401 1109 2473 Galate,
1145 2403 1298 2471 Calatini,

194 2543 198 2556 ·
257 2503 279 2566 Γ.
301 2503 465 2566 Galacum
483 2519 517 2564 et
542 2505 705 2603 Galatiur',
741 2505 781 2563 tle
805 2524 871 2588 qno
894 2505 960 2564 vid.
984 2503 1114 2566 Cluvet.
1136 2505 1170 2563 in
1186 2506 1299 2566 'Sicilia

257 2619 324 2668 ant.
344 2623 375 2676 2,
398 2623 452 2668 12.
475 2627 508 2688 p.
526 2619 609 2686 559.
635 2620 670 2666 et
694 2607 849 2667 Graevius
871 2619 904 2666 et
922 2605 1067 2666 Gronov.
1081 2607 1129 2689 sd
1150 2607 1297 2670 Ciceron.

74 2746 82 2755 =
134 2739 139 2753 .
191 2735 192 2740 ¹
256 2707 381 2767 Verrio.
406 2707 438 2784 5,
460 2718 519 2786 43.
541 2709 585 2768 in.
609 2709 742 2790 aliique,
776 2693 861 2786 qnos
886 2696 1037 2768 excitavit
1059 2709 1236 2772 Burmann.
1263 2709 1299 2768 ad

255 2809 415 2870 Dorvillii
435 2809 536 2870 Sicula
559 2829 590 2890 p.
608 2819 695 2888 439.
747 2809 837 2870 ldem
863 2829 895 2890 p.
919 2809 1132 2894 firn'atldit,
1167 2813 1204 2870 in
1227 2811 1298 2872 cod.

255 2909 547 2989 Huydecoperiano
575 2911 658 2990 apud
687 2909 928 2974 Ciceronemc.
953 2911 974 2972 l
1009 2908 1069 2970 elle
1098 2912 1126 2967 (
1109 2911 1238 2973 alatae
1268 2924 1299 2970 et

173 3075 177 3084 ,
220 3057 222 3060 -
257 3011 440 3079 Galatirrr's,
455 3011 510 3072 etii
527 3013 735 3072 Dorvillins'
727 3012 891 3073 rnSiculis
915 3031 981 3092 cap.
1002 3023 1034 3089 3.
1053 3029 1085 3094 p.
1104 3029 1163 3075 22.
1187 3007 1299 3094 probat

167 3179 169 3198 Ι
257 3090 451 3182 Ualentinis,
478 3111 528 3172 led
546 3113 680 3174 omnino
697 3113 736 3172 tle
753 3113 831 3173 urbe
853 3113 904 3172 illa
919 3113 1060 3183 dubitat,
1079 3134 1176 3194 quam
1192 3129 1298 3176 tamen

254 3215 314 3275 hac
333 3213 481 3297 scriptura
504 3227 612 3276 tuetur
637 3193 864 3276 Gnaltltetns
855 3236 888 3284 ru
909 3214 1115 3277 animadvers.
1138 3217 1175 3276 ad
1194 3215 1298 3277 inlcrr.

255 3317 484 3399 peregrinasp.
502 3329 586 3395 897.
611 3317 701 3395 (Vol.
722 3329 753 3390 5.
770 3315 849 3376 thel.
867 3317 994 3392 sicit)
1005 3317 1067 3378 Sed
1083 3317 1187 3378 nostra
1201 3316 1297 3378 rrlula

260 3418 382 3478 Galata
404 3431 535 3478 vocatur
558 3419 592 3478 in
616 3418 774 3479 Antonini
798 3419 903 3478 itiner.
927 3437 959 3498 p.
979 3427 1063 3496 514.
1086 3431 1120 3479 et
1142 3439 1158 3480 a
1171 3411 1296 3503 Geogr.

256 3519 405 3580 Ravenn.
433 3532 465 3595 5,
493 3531 548 3593 25.
600 3519 849 3600 Amplexandam
877 3533 984 3580 tamen
1014 3523 1126 3600 putavi
1151 3533 1297 3582 veterum

256 3617 405 3688 formam,
418 3621 739 3700 dediqnellolatlza.
779 3613 1165 3701 Totlrptobavitetiam
1181 3623 1296 3682 Pintia·

257 3740 338 3790 nus
366 3722 421 3782 etsi
445 3718 537 3782 fert
528 3745 561 3784 rn
585 3723 741 3783 initioG.
789 3721 1199 3804 illoxproetr‘llaeGud.
1223 3723 1297 3830 ullu·

256 3822 349 3906 Prag.
372 3843 454 3906 quus
479 3823 566 3884 odias
589 3821 763 3904 appellant.

333 4023 549 4119 Osteodes)
600 4026 684 4110 Lipl.
708 4025 804 4092 Poris.
825 4044 856 4092 α.
882 4041 914 4107 5.
938 4028 1078 4092 Vindob.
1103 4029 1188 4093 oua.
1211 4030 1295 4092 Reh-

248 4121 354 4216 rligor.
381 4127 471 4222 Preg.
498 4130 611 4194 Venet.
632 4149 707 4192 oum
731 4131 803 4192 edd.
830 4151 859 4196 t.
892 4148 982 4211 2..9
1006 4143 1292 4210 15.17.2..025.
