<?xml version="1.0" encoding="UTF-8"?>
<!DOCTYPE html PUBLIC "-//W3C//DTD XHTML 1.0 Transitional//EN"
    "http://www.w3.org/TR/xhtml1/DTD/xhtml1-transitional.dtd">
<html xmlns="http://www.w3.org/1999/xhtml" xml:lang="en" lang="en">
 <head>
  <title>
</title>
<meta http-equiv="Content-Type" content="text/html;charset=utf-8" />
  <meta name='ocr-system' content='tesseract 3.04.00' />
  <meta name='ocr-capabilities' content='ocr_page ocr_carea ocr_par ocr_line ocrx_word'/>
</head>
<body>
  <div class='ocr_page' id='page_1' title='image "./desitvorbislibr04melagoog_0093.png"; bbox 0 0 2870 4880; ppageno 0'>
   <div class='ocr_carea' id='block_1_1' title="bbox 280 441 1188 568">
    <p class='ocr_par' dir='ltr' id='par_1_1' title="bbox 280 441 1188 568">
     <span class='ocr_line' id='line_1_1' title="bbox 280 441 1188 568; baseline 0.004 -16"><span class='ocrx_word' id='word_1_1' title='bbox 280 441 298 472; x_wconf 34' lang='lat' dir='ltr'>l</span> <span class='ocrx_word' id='word_1_2' title='bbox 389 469 804 568; x_wconf 61' lang='lat' dir='ltr'>munemne</span> <span class='ocrx_word' id='word_1_3' title='bbox 907 485 930 524; x_wconf 59' lang='grc'>“</span> <span class='ocrx_word' id='word_1_4' title='bbox 1021 445 1188 565; x_wconf 27' lang='lat' dir='ltr'>x“tta</span> 
     </span>
    </p>
   </div>
   <div class='ocr_carea' id='block_1_2' title="bbox 91 626 1119 754">
    <p class='ocr_par' dir='ltr' id='par_1_2' title="bbox 91 626 1119 754">
     <span class='ocr_line' id='line_1_2' title="bbox 91 626 1119 754; baseline -0.003 -24"><span class='ocrx_word' id='word_1_5' title='bbox 91 668 171 736; x_wconf 82' lang='lat' dir='ltr'>Idem</span> <span class='ocrx_word' id='word_1_6' title='bbox 193 626 338 734; x_wconf 83' lang='lat' dir='ltr'>adfirmat</span> <span class='ocrx_word' id='word_1_7' title='bbox 357 657 518 746; x_wconf 86' lang='lat' dir='ltr'>Memnon</span> <span class='ocrx_word' id='word_1_8' title='bbox 548 689 574 732; x_wconf 88' lang='lat' dir='ltr'>c.</span> <span class='ocrx_word' id='word_1_9' title='bbox 602 689 658 736; x_wconf 75' lang='lat' dir='ltr'>aa.</span> <span class='ocrx_word' id='word_1_10' title='bbox 689 671 772 754; x_wconf 88' lang='lat' dir='ltr'>apud</span> <span class='ocrx_word' id='word_1_11' title='bbox 795 667 1006 750; x_wconf 86' lang='lat' dir='ltr'>Photiump.</span> <span class='ocrx_word' id='word_1_12' title='bbox 1021 681 1119 742; x_wconf 63' lang='lat'><strong>..721</strong></span> 
     </span>
    </p>
   </div>
   <div class='ocr_carea' id='block_1_3' title="bbox 89 769 1327 955">
    <p class='ocr_par' dir='ltr' id='par_1_3' title="bbox 89 769 1327 955">
     <span class='ocr_line' id='line_1_3' title="bbox 89 769 1327 874; baseline -0.006 -40"><span class='ocrx_word' id='word_1_13' title='bbox 89 772 127 834; x_wconf 80' lang='lat' dir='ltr'>At</span> <span class='ocrx_word' id='word_1_14' title='bbox 145 770 216 835; x_wconf 87' lang='lat' dir='ltr'>haec</span> <span class='ocrx_word' id='word_1_15' title='bbox 235 772 274 831; x_wconf 89' lang='lat' dir='ltr'>ad</span> <span class='ocrx_word' id='word_1_16' title='bbox 288 771 502 855; x_wconf 71' lang='lat' dir='ltr'>discrepantes</span> <span class='ocrx_word' id='word_1_17' title='bbox 522 773 634 874; x_wconf 75' lang='lat' dir='ltr'>potrus</span> <span class='ocrx_word' id='word_1_18' title='bbox 645 789 811 836; x_wconf 91' lang='lat' dir='ltr'>auctorum</span> <span class='ocrx_word' id='word_1_19' title='bbox 830 772 1027 833; x_wconf 76' lang='lat' dir='ltr'>narrationes</span> <span class='ocrx_word' id='word_1_20' title='bbox 1047 769 1119 828; x_wconf 88' lang='lat' dir='ltr'>reii·</span> <span class='ocrx_word' id='word_1_21' title='bbox 1198 781 1203 791; x_wconf 83' lang='grc'><strong><em>’</em></strong></span> <span class='ocrx_word' id='word_1_22' title='bbox 1319 833 1327 858; x_wconf 51' lang='lat'><strong>¹</strong></span> 
     </span>
     <span class='ocr_line' id='line_1_4' title="bbox 90 851 1220 955; baseline -0.006 -21"><span class='ocrx_word' id='word_1_23' title='bbox 90 871 187 934; x_wconf 82' lang='lat' dir='ltr'>cienda</span> <span class='ocrx_word' id='word_1_24' title='bbox 208 851 361 942; x_wconf 82' lang='lat' dir='ltr'>arbitror,</span> <span class='ocrx_word' id='word_1_25' title='bbox 387 893 481 954; x_wconf 89' lang='lat' dir='ltr'>quam</span> <span class='ocrx_word' id='word_1_26' title='bbox 502 876 674 944; x_wconf 88' lang='lat' dir='ltr'>mutanda,</span> <span class='ocrx_word' id='word_1_27' title='bbox 705 895 765 936; x_wconf 89' lang='lat' dir='ltr'>nec</span> <span class='ocrx_word' id='word_1_28' title='bbox 786 877 854 940; x_wconf 85' lang='lat' dir='ltr'>veri</span> <span class='ocrx_word' id='word_1_29' title='bbox 877 873 982 955; x_wconf 86' lang='lat' dir='ltr'>specie</span> <span class='ocrx_word' id='word_1_30' title='bbox 999 882 1117 940; x_wconf 83' lang='lat' dir='ltr'>carent,</span> <span class='ocrx_word' id='word_1_31' title='bbox 1218 913 1220 918; x_wconf 68' lang='lat'>,</span> 
     </span>
    </p>
   </div>
   <div class='ocr_carea' id='block_1_4' title="bbox 41 969 1192 1874">
    <p class='ocr_par' dir='ltr' id='par_1_4' title="bbox 41 969 1192 1874">
     <span class='ocr_line' id='line_1_5' title="bbox 90 969 1192 1057; baseline -0.004 -25"><span class='ocrx_word' id='word_1_32' title='bbox 90 995 158 1056; x_wconf 87' lang='lat' dir='ltr'>quae</span> <span class='ocrx_word' id='word_1_33' title='bbox 178 975 360 1056; x_wconf 76' lang='lat' dir='ltr'>conquisitis</span> <span class='ocrx_word' id='word_1_34' title='bbox 380 976 510 1057; x_wconf 91' lang='lat' dir='ltr'>operose</span> <span class='ocrx_word' id='word_1_35' title='bbox 531 979 725 1040; x_wconf 75' lang='lat' dir='ltr'>adiumentis</span> <span class='ocrx_word' id='word_1_36' title='bbox 747 979 787 1038; x_wconf 87' lang='lat' dir='ltr'>ad</span> <span class='ocrx_word' id='word_1_37' title='bbox 801 975 1017 1038; x_wconf 78' lang='lat' dir='ltr'>stabiliendam</span> <span class='ocrx_word' id='word_1_38' title='bbox 1035 969 1118 1032; x_wconf 87' lang='lat' dir='ltr'>han&#39;c</span> <span class='ocrx_word' id='word_1_39' title='bbox 1189 996 1192 1028; x_wconf 74' lang='lat' dir='ltr'>z</span> 
     </span>
     <span class='ocr_line' id='line_1_6' title="bbox 89 1075 1115 1160; baseline -0.004 -24"><span class='ocrx_word' id='word_1_40' title='bbox 89 1075 181 1136; x_wconf 88' lang='lat' dir='ltr'>Melae</span> <span class='ocrx_word' id='word_1_41' title='bbox 196 1078 517 1158; x_wconf 81' lang='lat' dir='ltr'>opinionemadtulit</span> <span class='ocrx_word' id='word_1_42' title='bbox 538 1075 671 1141; x_wconf 84' lang='lat' dir='ltr'>Vosstus.</span> <span class='ocrx_word' id='word_1_43' title='bbox 725 1081 874 1160; x_wconf 88' lang='lat' dir='ltr'>Denique</span> <span class='ocrx_word' id='word_1_44' title='bbox 898 1078 995 1138; x_wconf 85' lang='lat' dir='ltr'>alium</span> <span class='ocrx_word' id='word_1_45' title='bbox 1018 1075 1115 1134; x_wconf 88' lang='lat' dir='ltr'>etiam</span> 
     </span>
     <span class='ocr_line' id='line_1_7' title="bbox 90 1175 1181 1266; baseline -0.004 -28"><span class='ocrx_word' id='word_1_46' title='bbox 90 1191 236 1239; x_wconf 83' lang='lat' dir='ltr'>auctorem</span> <span class='ocrx_word' id='word_1_47' title='bbox 265 1175 361 1240; x_wconf 79' lang='lat' dir='ltr'>nobis</span> <span class='ocrx_word' id='word_1_48' title='bbox 389 1201 477 1242; x_wconf 88' lang='lat' dir='ltr'>nunc</span> <span class='ocrx_word' id='word_1_49' title='bbox 505 1181 636 1262; x_wconf 84' lang='lat' dir='ltr'>q&#39;uidem</span> <span class='ocrx_word' id='word_1_50' title='bbox 660 1182 866 1266; x_wconf 85' lang='lat' dir='ltr'>incognitum</span> <span class='ocrx_word' id='word_1_51' title='bbox 891 1177 977 1260; x_wconf 87' lang='lat' dir='ltr'>sequi</span> <span class='ocrx_word' id='word_1_52' title='bbox 1001 1175 1116 1238; x_wconf 80' lang='lat' dir='ltr'>Noster</span> <span class='ocrx_word' id='word_1_53' title='bbox 1178 1221 1181 1224; x_wconf 86' lang='lat'><strong>.</strong></span> 
     </span>
     <span class='ocr_line' id='line_1_8' title="bbox 41 1271 1114 1362; baseline 0 -24"><span class='ocrx_word' id='word_1_54' title='bbox 41 1271 46 1282; x_wconf 75' lang='grc'><strong>’</strong></span> <span class='ocrx_word' id='word_1_55' title='bbox 88 1282 193 1361; x_wconf 87' lang='lat' dir='ltr'>potuit.</span> <span class='ocrx_word' id='word_1_56' title='bbox 241 1275 294 1342; x_wconf 68' lang='lat' dir='ltr'>To*</span> <span class='ocrx_word' id='word_1_57' title='bbox 311 1303 349 1360; x_wconf 85' lang='lat' dir='ltr'>a,</span> <span class='ocrx_word' id='word_1_58' title='bbox 382 1286 477 1362; x_wconf 82' lang='lat' dir='ltr'>quam</span> <span class='ocrx_word' id='word_1_59' title='bbox 495 1282 595 1346; x_wconf 82' lang='lat' dir='ltr'>abesse</span> <span class='ocrx_word' id='word_1_60' title='bbox 614 1296 646 1344; x_wconf 89' lang='lat' dir='ltr'>et</span> <span class='ocrx_word' id='word_1_61' title='bbox 668 1283 720 1344; x_wconf 81' lang='lat' dir='ltr'>laic</span> <span class='ocrx_word' id='word_1_62' title='bbox 742 1283 832 1344; x_wconf 86' lang='lat' dir='ltr'>malit</span> <span class='ocrx_word' id='word_1_63' title='bbox 853 1277 1114 1358; x_wconf 86' lang='lat' dir='ltr'>Oudendorpius,</span> 
     </span>
     <span class='ocr_line' id='line_1_9' title="bbox 89 1371 1135 1466; baseline -0.002 -27"><span class='ocrx_word' id='word_1_64' title='bbox 89 1380 221 1462; x_wconf 83' lang='lat' dir='ltr'>expulisse</span> <span class='ocrx_word' id='word_1_65' title='bbox 236 1383 389 1442; x_wconf 88' lang='lat' dir='ltr'>videntur</span> <span class='ocrx_word' id='word_1_66' title='bbox 405 1383 523 1446; x_wconf 88' lang='lat' dir='ltr'>librarii</span> <span class='ocrx_word' id='word_1_67' title='bbox 539 1371 609 1466; x_wconf 76' lang='lat' dir='ltr'>poll</span> <span class='ocrx_word' id='word_1_68' title='bbox 623 1380 845 1446; x_wconf 82' lang='lat' dir='ltr'>factamverbi</span> <span class='ocrx_word' id='word_1_69' title='bbox 862 1382 1114 1464; x_wconf 79' lang='lat' dir='ltr'>corruptionem,</span> <span class='ocrx_word' id='word_1_70' title='bbox 1132 1382 1135 1388; x_wconf 86' lang='grc'><em>’</em></span> 
     </span>
     <span class='ocr_line' id='line_1_10' title="bbox 89 1479 1114 1573; baseline 0.001 -35"><span class='ocrx_word' id='word_1_71' title='bbox 89 1483 162 1562; x_wconf 87' lang='lat' dir='ltr'>quod</span> <span class='ocrx_word' id='word_1_72' title='bbox 183 1479 316 1573; x_wconf 77' lang='lat' dir='ltr'>Molesta</span> <span class='ocrx_word' id='word_1_73' title='bbox 344 1484 457 1548; x_wconf 89' lang='lat' dir='ltr'>urbem</span> <span class='ocrx_word' id='word_1_74' title='bbox 485 1489 666 1556; x_wconf 87' lang='lat' dir='ltr'>crederent,</span> <span class='ocrx_word' id='word_1_75' title='bbox 699 1488 750 1547; x_wconf 91' lang='lat' dir='ltr'>cui</span> <span class='ocrx_word' id='word_1_76' title='bbox 774 1489 809 1546; x_wconf 91' lang='lat' dir='ltr'>in</span> <span class='ocrx_word' id='word_1_77' title='bbox 837 1485 899 1546; x_wconf 89' lang='lat' dir='ltr'>hoc</span> <span class='ocrx_word' id='word_1_78' title='bbox 921 1502 1007 1543; x_wconf 88' lang='lat' dir='ltr'>nexu</span> <span class='ocrx_word' id='word_1_79' title='bbox 1027 1493 1114 1562; x_wconf 71' lang='lat' dir='ltr'>prae·-</span> 
     </span>
     <span class='ocr_line' id='line_1_11' title="bbox 88 1573 1115 1672; baseline 0 -28"><span class='ocrx_word' id='word_1_80' title='bbox 88 1586 154 1666; x_wconf 89' lang='lat' dir='ltr'>poni</span> <span class='ocrx_word' id='word_1_81' title='bbox 173 1585 249 1644; x_wconf 84' lang='lat' dir='ltr'>illud</span> <span class='ocrx_word' id='word_1_82' title='bbox 271 1586 407 1647; x_wconf 86' lang='lat' dir='ltr'>minime</span> <span class='ocrx_word' id='word_1_83' title='bbox 428 1587 537 1668; x_wconf 83' lang='lat' dir='ltr'>pollet.</span> <span class='ocrx_word' id='word_1_84' title='bbox 590 1591 642 1651; x_wconf 83' lang='lat' dir='ltr'>Sic</span> <span class='ocrx_word' id='word_1_85' title='bbox 663 1586 752 1670; x_wconf 88' lang='lat' dir='ltr'>supra</span> <span class='ocrx_word' id='word_1_86' title='bbox 774 1607 803 1658; x_wconf 86' lang='lat' dir='ltr'>r,</span> <span class='ocrx_word' id='word_1_87' title='bbox 831 1603 886 1666; x_wconf 81' lang='lat'>19,</span> <span class='ocrx_word' id='word_1_88' title='bbox 910 1573 964 1646; x_wconf 58' lang='lat' dir='ltr'>tat.</span> <span class='ocrx_word' id='word_1_89' title='bbox 997 1603 1019 1644; x_wconf 84' lang='lat' dir='ltr'>a</span> <span class='ocrx_word' id='word_1_90' title='bbox 1039 1579 1115 1672; x_wconf 67' lang='lat' dir='ltr'>The·</span> 
     </span>
     <span class='ocr_line' id='line_1_12' title="bbox 42 1684 1140 1774; baseline -0.002 -28"><span class='ocrx_word' id='word_1_91' title='bbox 42 1685 43 1688; x_wconf 66' lang='grc'>’</span> <span class='ocrx_word' id='word_1_92' title='bbox 89 1684 243 1774; x_wconf 75' lang='lat' dir='ltr'>rut&#39;fiogoro</span> <span class='ocrx_word' id='word_1_93' title='bbox 275 1687 405 1748; x_wconf 81' lang='lat' dir='ltr'>Mileto</span> <span class='ocrx_word' id='word_1_94' title='bbox 436 1688 604 1754; x_wconf 80' lang='lat' dir='ltr'>deductum</span> <span class='ocrx_word' id='word_1_95' title='bbox 633 1689 797 1768; x_wconf 81' lang='lat' dir='ltr'>oppidum.</span> <span class='ocrx_word' id='word_1_96' title='bbox 850 1685 980 1768; x_wconf 79' lang='lat' dir='ltr'>Reliqui</span> <span class='ocrx_word' id='word_1_97' title='bbox 1014 1684 1114 1768; x_wconf 78' lang='lat' dir='ltr'>igitur</span> <span class='ocrx_word' id='word_1_98' title='bbox 1138 1729 1140 1737; x_wconf 36' lang='lat'><em>1</em></span> 
     </span>
     <span class='ocr_line' id='line_1_13' title="bbox 87 1788 767 1874; baseline 0.013 -28"><span class='ocrx_word' id='word_1_99' title='bbox 87 1805 146 1847; x_wconf 86' lang='lat' dir='ltr'>eam</span> <span class='ocrx_word' id='word_1_100' title='bbox 165 1788 314 1858; x_wconf 79' lang='lat' dir='ltr'>voculam</span> <span class='ocrx_word' id='word_1_101' title='bbox 336 1791 375 1849; x_wconf 86' lang='lat' dir='ltr'>ab</span> <span class='ocrx_word' id='word_1_102' title='bbox 397 1790 466 1852; x_wconf 83' lang='lat' dir='ltr'>aliie</span> <span class='ocrx_word' id='word_1_103' title='bbox 487 1789 694 1874; x_wconf 84' lang='lat' dir='ltr'>praemillam.</span> <span class='ocrx_word' id='word_1_104' title='bbox 749 1789 767 1864; x_wconf 62' lang='lat' dir='ltr'>J</span> 
     </span>
    </p>
   </div>
   <div class='ocr_carea' id='block_1_5' title="bbox 88 1988 1190 2682">
    <p class='ocr_par' dir='ltr' id='par_1_5' title="bbox 88 1988 1190 2682">
     <span class='ocr_line' id='line_1_14' title="bbox 152 1988 1111 2074; baseline -0.004 -22"><span class='ocrx_word' id='word_1_105' title='bbox 152 1989 349 2074; x_wconf 78' lang='lat' dir='ltr'>Calatis)</span> <span class='ocrx_word' id='word_1_106' title='bbox 400 1992 535 2056; x_wconf 90' lang='lat' dir='ltr'>Mediol.</span> <span class='ocrx_word' id='word_1_107' title='bbox 559 1993 643 2057; x_wconf 79' lang='lat' dir='ltr'>Vols.</span> <span class='ocrx_word' id='word_1_108' title='bbox 664 2015 695 2056; x_wconf 87' lang='lat'>1.</span> <span class='ocrx_word' id='word_1_109' title='bbox 717 1993 824 2057; x_wconf 86' lang='lat' dir='ltr'>Cibin.</span> <span class='ocrx_word' id='word_1_110' title='bbox 847 1991 947 2054; x_wconf 88' lang='lat' dir='ltr'>Vatic.</span> <span class='ocrx_word' id='word_1_111' title='bbox 971 2009 1001 2054; x_wconf 87' lang='lat' dir='ltr'>t.</span> <span class='ocrx_word' id='word_1_112' title='bbox 1024 1988 1111 2049; x_wconf 90' lang='lat' dir='ltr'>Varr.</span> 
     </span>
     <span class='ocr_line' id='line_1_15' title="bbox 88 2089 1111 2174; baseline 0.001 -23"><span class='ocrx_word' id='word_1_113' title='bbox 88 2093 117 2151; x_wconf 91' lang='lat' dir='ltr'>in</span> <span class='ocrx_word' id='word_1_114' title='bbox 136 2093 201 2154; x_wconf 87' lang='lat' dir='ltr'>edd.</span> <span class='ocrx_word' id='word_1_115' title='bbox 223 2108 282 2174; x_wconf 78' lang='lat'>27.</span> <span class='ocrx_word' id='word_1_116' title='bbox 298 2110 358 2172; x_wconf 87' lang='lat'>29.</span> <span class='ocrx_word' id='word_1_117' title='bbox 384 2093 543 2170; x_wconf 58' lang='lat' dir='ltr'>Callatim</span> <span class='ocrx_word' id='word_1_118' title='bbox 577 2098 690 2158; x_wconf 89' lang='lat' dir='ltr'>Veuet.</span> <span class='ocrx_word' id='word_1_119' title='bbox 711 2095 877 2166; x_wconf 79' lang='lat' dir='ltr'>Colatbis3</span> <span class='ocrx_word' id='word_1_120' title='bbox 901 2089 1006 2158; x_wconf 83' lang='lat' dir='ltr'>Paris.</span> <span class='ocrx_word' id='word_1_121' title='bbox 1028 2110 1058 2150; x_wconf 91' lang='lat'>1.</span> <span class='ocrx_word' id='word_1_122' title='bbox 1078 2105 1111 2152; x_wconf 87' lang='lat'>2.</span> 
     </span>
     <span class='ocr_line' id='line_1_16' title="bbox 89 2188 1110 2284; baseline 0 -33"><span class='ocrx_word' id='word_1_123' title='bbox 89 2191 162 2254; x_wconf 85' lang='lat' dir='ltr'>Gud.</span> <span class='ocrx_word' id='word_1_124' title='bbox 188 2195 280 2280; x_wconf 84' lang='lat' dir='ltr'>Prag.</span> <span class='ocrx_word' id='word_1_125' title='bbox 312 2193 419 2258; x_wconf 84' lang='lat' dir='ltr'>Havn.</span> <span class='ocrx_word' id='word_1_126' title='bbox 448 2197 595 2270; x_wconf 52' lang='lat' dir='ltr'>Calatia</span> <span class='ocrx_word' id='word_1_127' title='bbox 631 2198 806 2284; x_wconf 75' lang='lat' dir='ltr'>Rehdiger.</span> <span class='ocrx_word' id='word_1_128' title='bbox 832 2193 923 2280; x_wconf 58' lang='lat' dir='ltr'>{sipl-</span> <span class='ocrx_word' id='word_1_129' title='bbox 956 2188 1052 2255; x_wconf 88' lang='lat' dir='ltr'>Paris.</span> <span class='ocrx_word' id='word_1_130' title='bbox 1075 2203 1110 2268; x_wconf 77' lang='grc'>5.</span> 
     </span>
     <span class='ocr_line' id='line_1_17' title="bbox 91 2277 1122 2382; baseline -0.004 -28"><span class='ocrx_word' id='word_1_131' title='bbox 91 2293 238 2360; x_wconf 80' lang='lat' dir='ltr'>Galatis.</span> <span class='ocrx_word' id='word_1_132' title='bbox 268 2277 1122 2382; x_wconf 71' lang='lat' dir='ltr'>Edd123456789101112&#39;</span> 
     </span>
     <span class='ocr_line' id='line_1_18' title="bbox 93 2400 1157 2485; baseline 0.002 -29"><span class='ocrx_word' id='word_1_133' title='bbox 93 2400 614 2485; x_wconf 71' lang='lat'><strong>15..1415..1617...1819</strong></span> <span class='ocrx_word' id='word_1_134' title='bbox 639 2413 864 2475; x_wconf 56' lang='lat' dir='ltr'>munau.</span> <span class='ocrx_word' id='word_1_135' title='bbox 891 2405 1095 2476; x_wconf 55' lang='lat' dir='ltr'>agmjlp</span> <span class='ocrx_word' id='word_1_136' title='bbox 1153 2403 1157 2412; x_wconf 93' lang='lat'>&#39;</span> 
     </span>
     <span class='ocr_line' id='line_1_19' title="bbox 89 2490 1190 2590; baseline -0.003 -35"><span class='ocrx_word' id='word_1_137' title='bbox 89 2497 241 2570; x_wconf 86' lang='lat' dir='ltr'>Vadianae,</span> <span class='ocrx_word' id='word_1_138' title='bbox 272 2499 483 2590; x_wconf 76' lang='lat' dir='ltr'>Olivarianae,</span> <span class='ocrx_word' id='word_1_139' title='bbox 511 2501 663 2564; x_wconf 77' lang='lat' dir='ltr'>schottus</span> <span class='ocrx_word' id='word_1_140' title='bbox 688 2501 834 2573; x_wconf 52' lang='lat' dir='ltr'>Galatia</span> <span class='ocrx_word' id='word_1_141' title='bbox 866 2500 1013 2565; x_wconf 74' lang='lat' dir='ltr'>Vinctus,</span> <span class='ocrx_word' id='word_1_142' title='bbox 1037 2490 1112 2580; x_wconf 68' lang='lat' dir='ltr'>llos·</span> <span class='ocrx_word' id='word_1_143' title='bbox 1187 2499 1190 2506; x_wconf 83' lang='grc'>’</span> 
     </span>
     <span class='ocr_line' id='line_1_20' title="bbox 89 2597 1111 2682; baseline -0.001 -25"><span class='ocrx_word' id='word_1_144' title='bbox 89 2597 140 2660; x_wconf 84' lang='lat' dir='ltr'>suu</span> <span class='ocrx_word' id='word_1_145' title='bbox 159 2619 227 2662; x_wconf 89' lang='lat' dir='ltr'>cum</span> <span class='ocrx_word' id='word_1_146' title='bbox 257 2601 483 2682; x_wconf 78' lang='lat' dir='ltr'>posterioribus</span> <span class='ocrx_word' id='word_1_147' title='bbox 508 2602 646 2665; x_wconf 81' lang='lat' dir='ltr'>Calatis.</span> <span class='ocrx_word' id='word_1_148' title='bbox 700 2604 727 2665; x_wconf 91' lang='lat' dir='ltr'>C</span> <span class='ocrx_word' id='word_1_149' title='bbox 749 2617 782 2666; x_wconf 82' lang='lat' dir='ltr'>et</span> <span class='ocrx_word' id='word_1_150' title='bbox 804 2601 834 2666; x_wconf 80' lang='lat' dir='ltr'>G,</span> <span class='ocrx_word' id='word_1_151' title='bbox 855 2614 891 2662; x_wconf 90' lang='lat' dir='ltr'>ut</span> <span class='ocrx_word' id='word_1_152' title='bbox 913 2597 1111 2680; x_wconf 25' lang='lat' dir='ltr'>saepe-com·</span> 
     </span>
    </p>
   </div>
   <div class='ocr_carea' id='block_1_6' title="bbox 89 2693 1285 2782">
    <p class='ocr_par' dir='ltr' id='par_1_6' title="bbox 89 2693 1285 2782">
     <span class='ocr_line' id='line_1_21' title="bbox 89 2693 1285 2782; baseline -0.003 -22"><span class='ocrx_word' id='word_1_153' title='bbox 89 2704 189 2762; x_wconf 88' lang='lat' dir='ltr'>mutari</span> <span class='ocrx_word' id='word_1_154' title='bbox 207 2704 349 2765; x_wconf 85' lang='lat' dir='ltr'>invicem</span> <span class='ocrx_word' id='word_1_155' title='bbox 368 2711 486 2772; x_wconf 82' lang='lat' dir='ltr'>notum</span> <span class='ocrx_word' id='word_1_156' title='bbox 505 2703 559 2774; x_wconf 83' lang='lat' dir='ltr'>est,</span> <span class='ocrx_word' id='word_1_157' title='bbox 582 2704 771 2766; x_wconf 81' lang='lat' dir='ltr'>licetidem</span> <span class='ocrx_word' id='word_1_158' title='bbox 789 2703 864 2766; x_wconf 90' lang='lat' dir='ltr'>allbi</span> <span class='ocrx_word' id='word_1_159' title='bbox 885 2701 963 2762; x_wconf 88' lang='lat' dir='ltr'>huic</span> <span class='ocrx_word' id='word_1_160' title='bbox 983 2693 1113 2760; x_wconf 86' lang='lat' dir='ltr'>nomini</span> <span class='ocrx_word' id='word_1_161' title='bbox 1190 2769 1193 2782; x_wconf 53' lang='lat'>‚</span> <span class='ocrx_word' id='word_1_162' title='bbox 1267 2723 1285 2763; x_wconf 56' lang='grc' dir='ltr'><strong>χ</strong></span> 
     </span>
    </p>
   </div>
   <div class='ocr_carea' id='block_1_7' title="bbox 42 2794 1210 4318">
    <p class='ocr_par' dir='ltr' id='par_1_7' title="bbox 42 2794 1210 4318">
     <span class='ocr_line' id='line_1_22' title="bbox 42 2794 1195 2890; baseline -0.002 -30"><span class='ocrx_word' id='word_1_163' title='bbox 42 2874 44 2890; x_wconf 44' lang='grc' dir='ltr'>Ι</span> <span class='ocrx_word' id='word_1_164' title='bbox 89 2803 205 2874; x_wconf 86' lang='lat' dir='ltr'>accidit,</span> <span class='ocrx_word' id='word_1_165' title='bbox 236 2803 337 2866; x_wconf 89' lang='lat' dir='ltr'>veluti</span> <span class='ocrx_word' id='word_1_166' title='bbox 360 2807 394 2866; x_wconf 90' lang='lat' dir='ltr'>in</span> <span class='ocrx_word' id='word_1_167' title='bbox 417 2807 574 2890; x_wconf 84' lang='lat' dir='ltr'>Eutropio</span> <span class='ocrx_word' id='word_1_168' title='bbox 598 2807 631 2876; x_wconf 90' lang='lat'>6,</span> <span class='ocrx_word' id='word_1_169' title='bbox 658 2826 713 2870; x_wconf 81' lang='lat' dir='ltr'>to.</span> <span class='ocrx_word' id='word_1_170' title='bbox 736 2804 818 2883; x_wconf 68' lang='lat' dir='ltr'>bg.</span> <span class='ocrx_word' id='word_1_171' title='bbox 845 2817 878 2866; x_wconf 88' lang='lat' dir='ltr'>et</span> <span class='ocrx_word' id='word_1_172' title='bbox 904 2804 1001 2864; x_wconf 88' lang='lat' dir='ltr'>Sexto</span> <span class='ocrx_word' id='word_1_173' title='bbox 1023 2794 1111 2860; x_wconf 79' lang='lat' dir='ltr'>Ruso</span> <span class='ocrx_word' id='word_1_174' title='bbox 1193 2875 1195 2882; x_wconf 18' lang='lat' dir='ltr'>y</span> 
     </span>
     <span class='ocr_line' id='line_1_23' title="bbox 91 2901 1210 2984; baseline -0.003 -22"><span class='ocrx_word' id='word_1_175' title='bbox 91 2922 113 2963; x_wconf 84' lang='lat' dir='ltr'>c.</span> <span class='ocrx_word' id='word_1_176' title='bbox 129 2923 159 2984; x_wconf 80' lang='lat'>9.</span> <span class='ocrx_word' id='word_1_177' title='bbox 181 2905 235 2966; x_wconf 90' lang='lat' dir='ltr'>ubi</span> <span class='ocrx_word' id='word_1_178' title='bbox 252 2909 346 2966; x_wconf 87' lang='lat' dir='ltr'>multi</span> <span class='ocrx_word' id='word_1_179' title='bbox 369 2907 443 2968; x_wconf 90' lang='lat' dir='ltr'>libri</span> <span class='ocrx_word' id='word_1_180' title='bbox 460 2909 537 2968; x_wconf 89' lang='lat' dir='ltr'>dant</span> <span class='ocrx_word' id='word_1_181' title='bbox 558 2907 701 2971; x_wconf 68' lang='lat' dir='ltr'>Gaberio.</span> <span class='ocrx_word' id='word_1_182' title='bbox 750 2907 843 2968; x_wconf 84' lang='lat' dir='ltr'>Idem</span> <span class='ocrx_word' id='word_1_183' title='bbox 860 2903 924 2968; x_wconf 84' lang='lat' dir='ltr'>fere</span> <span class='ocrx_word' id='word_1_184' title='bbox 940 2901 1114 2983; x_wconf 81' lang='lat' dir='ltr'>(Gallatr&#39;a)</span> <span class='ocrx_word' id='word_1_185' title='bbox 1141 2960 1147 2970; x_wconf 61' lang='grc'>,</span> <span class='ocrx_word' id='word_1_186' title='bbox 1207 2923 1210 2931; x_wconf 67' lang='grc'>’</span> 
     </span>
     <span class='ocr_line' id='line_1_24' title="bbox 90 3003 1115 3090; baseline 0 -27"><span class='ocrx_word' id='word_1_187' title='bbox 90 3023 123 3064; x_wconf 88' lang='lat' dir='ltr'>ex</span> <span class='ocrx_word' id='word_1_188' title='bbox 143 3007 248 3068; x_wconf 89' lang='lat' dir='ltr'>Latina</span> <span class='ocrx_word' id='word_1_189' title='bbox 277 3009 456 3070; x_wconf 85' lang='lat' dir='ltr'>Ptolemaei</span> <span class='ocrx_word' id='word_1_190' title='bbox 484 3010 628 3070; x_wconf 83' lang='lat' dir='ltr'>versrone</span> <span class='ocrx_word' id='word_1_191' title='bbox 653 3023 687 3088; x_wconf 78' lang='lat'>5,</span> <span class='ocrx_word' id='word_1_192' title='bbox 712 3029 767 3073; x_wconf 93' lang='lat'>10.</span> <span class='ocrx_word' id='word_1_193' title='bbox 800 3021 890 3070; x_wconf 89' lang='lat' dir='ltr'>notat</span> <span class='ocrx_word' id='word_1_194' title='bbox 912 3007 965 3066; x_wconf 89' lang='lat' dir='ltr'>hic</span> <span class='ocrx_word' id='word_1_195' title='bbox 988 3003 1115 3090; x_wconf 75' lang='lat' dir='ltr'>Qiacco·</span> 
     </span>
     <span class='ocr_line' id='line_1_25' title="bbox 91 3101 1113 3194; baseline 0.001 -31"><span class='ocrx_word' id='word_1_196' title='bbox 91 3108 227 3190; x_wconf 84' lang='lat' dir='ltr'>niuspro</span> <span class='ocrx_word' id='word_1_197' title='bbox 245 3101 400 3180; x_wconf 82' lang='lat' dir='ltr'>Callatia,</span> <span class='ocrx_word' id='word_1_198' title='bbox 427 3129 502 3172; x_wconf 87' lang='lat' dir='ltr'>cunt</span> <span class='ocrx_word' id='word_1_199' title='bbox 517 3114 551 3175; x_wconf 90' lang='lat' dir='ltr'>in</span> <span class='ocrx_word' id='word_1_200' title='bbox 569 3111 694 3172; x_wconf 78' lang='lat' dir='ltr'>Graecis</span> <span class='ocrx_word' id='word_1_201' title='bbox 712 3112 795 3194; x_wconf 83' lang='lat' dir='ltr'>apud</span> <span class='ocrx_word' id='word_1_202' title='bbox 813 3111 961 3182; x_wconf 82' lang='lat' dir='ltr'>Bertium</span> <span class='ocrx_word' id='word_1_203' title='bbox 982 3107 1113 3188; x_wconf 82' lang='lat' dir='ltr'>quidem</span> 
     </span>
     <span class='ocr_line' id='line_1_26' title="bbox 90 3201 1113 3292; baseline 0.002 -26"><span class='ocrx_word' id='word_1_204' title='bbox 90 3208 174 3270; x_wconf 85' lang='lat' dir='ltr'>exstet</span> <span class='ocrx_word' id='word_1_205' title='bbox 202 3207 404 3283; x_wconf 62' lang='lat' dir='ltr'>italiana,</span> <span class='ocrx_word' id='word_1_206' title='bbox 444 3211 501 3274; x_wconf 84' lang='lat' dir='ltr'>etsr</span> <span class='ocrx_word' id='word_1_207' title='bbox 528 3201 606 3274; x_wconf 86' lang='lat' dir='ltr'>aliae</span> <span class='ocrx_word' id='word_1_208' title='bbox 631 3214 807 3281; x_wconf 83' lang='lat' dir='ltr'>editiones,</span> <span class='ocrx_word' id='word_1_209' title='bbox 845 3211 949 3272; x_wconf 88' lang='lat' dir='ltr'>veluti</span> <span class='ocrx_word' id='word_1_210' title='bbox 982 3213 1113 3292; x_wconf 84' lang='lat' dir='ltr'>Argent.</span> 
     </span>
     <span class='ocr_line' id='line_1_27' title="bbox 94 3305 1115 3397; baseline -0.004 -27"><span class='ocrx_word' id='word_1_211' title='bbox 94 3322 187 3385; x_wconf 76' lang='lat'><strong>1520.</strong></span> <span class='ocrx_word' id='word_1_212' title='bbox 210 3314 245 3373; x_wconf 89' lang='lat' dir='ltr'>in</span> <span class='ocrx_word' id='word_1_213' title='bbox 266 3326 401 3394; x_wconf 86' lang='lat' dir='ltr'>utraque</span> <span class='ocrx_word' id='word_1_214' title='bbox 416 3313 524 3397; x_wconf 78' lang='lat' dir='ltr'>lingua</span> <span class='ocrx_word' id='word_1_215' title='bbox 546 3312 699 3374; x_wconf 82' lang='lat' dir='ltr'>exhibent</span> <span class='ocrx_word' id='word_1_216' title='bbox 720 3305 893 3386; x_wconf 73' lang='lat' dir='ltr'>lidltlturtr</span> <span class='ocrx_word' id='word_1_217' title='bbox 912 3324 944 3372; x_wconf 89' lang='lat' dir='ltr'>ot</span> <span class='ocrx_word' id='word_1_218' title='bbox 966 3307 1115 3378; x_wconf 81' lang='lat' dir='ltr'>Callatis,</span> 
     </span>
     <span class='ocr_line' id='line_1_28' title="bbox 91 3407 1113 3494; baseline -0.002 -26"><span class='ocrx_word' id='word_1_219' title='bbox 91 3409 217 3494; x_wconf 88' lang='lat' dir='ltr'>illudque</span> <span class='ocrx_word' id='word_1_220' title='bbox 237 3417 352 3478; x_wconf 78' lang='lat' dir='ltr'>etiam</span> <span class='ocrx_word' id='word_1_221' title='bbox 359 3416 412 3476; x_wconf 89' lang='lat' dir='ltr'>dat</span> <span class='ocrx_word' id='word_1_222' title='bbox 435 3415 535 3476; x_wconf 90' lang='lat' dir='ltr'>codex</span> <span class='ocrx_word' id='word_1_223' title='bbox 558 3414 784 3492; x_wconf 72' lang='lat' dir='ltr'>coislinianus,</span> <span class='ocrx_word' id='word_1_224' title='bbox 816 3426 948 3474; x_wconf 87' lang='lat' dir='ltr'>notante</span> <span class='ocrx_word' id='word_1_225' title='bbox 970 3411 1022 3471; x_wconf 86' lang='lat' dir='ltr'>bic</span> <span class='ocrx_word' id='word_1_226' title='bbox 1038 3407 1113 3472; x_wconf 78' lang='lat' dir='ltr'>abr.</span> 
     </span>
     <span class='ocr_line' id='line_1_29' title="bbox 94 3507 1130 3601; baseline 0 -27"><span class='ocrx_word' id='word_1_227' title='bbox 94 3512 259 3578; x_wconf 86' lang='lat' dir='ltr'>Grouovio.</span> <span class='ocrx_word' id='word_1_228' title='bbox 310 3517 393 3578; x_wconf 90' lang='lat' dir='ltr'>lta&#39;</span> <span class='ocrx_word' id='word_1_229' title='bbox 383 3535 418 3576; x_wconf 87' lang='lat' dir='ltr'>m</span> <span class='ocrx_word' id='word_1_230' title='bbox 448 3517 595 3578; x_wconf 84' lang='lat' dir='ltr'>Diodoro</span> <span class='ocrx_word' id='word_1_231' title='bbox 620 3531 679 3586; x_wconf 71' lang='lat' dir='ltr'>eo,</span> <span class='ocrx_word' id='word_1_232' title='bbox 711 3531 794 3580; x_wconf 66' lang='grc' dir='ltr'><strong>ιη.</strong></span> <span class='ocrx_word' id='word_1_233' title='bbox 821 3507 1012 3584; x_wconf 74' lang='grc' dir='ltr'>Γοὶλατιά,Ι</span> <span class='ocrx_word' id='word_1_234' title='bbox 1009 3510 1130 3601; x_wconf 70' lang='lat' dir='ltr'>quod=</span> 
     </span>
     <span class='ocr_line' id='line_1_30' title="bbox 94 3609 1155 3706; baseline -0.004 -33"><span class='ocrx_word' id='word_1_235' title='bbox 94 3611 215 3677; x_wconf 86' lang='lat' dir='ltr'>lervavit</span> <span class='ocrx_word' id='word_1_236' title='bbox 236 3617 316 3678; x_wconf 86' lang='lat' dir='ltr'>adeo</span> <span class='ocrx_word' id='word_1_237' title='bbox 330 3616 581 3706; x_wconf 78' lang='lat' dir='ltr'>Welleliugitta,</span> <span class='ocrx_word' id='word_1_238' title='bbox 601 3619 708 3679; x_wconf 79' lang='lat' dir='ltr'>etstan</span> <span class='ocrx_word' id='word_1_239' title='bbox 727 3621 814 3680; x_wconf 83' lang='lat' dir='ltr'>notia</span> <span class='ocrx_word' id='word_1_240' title='bbox 836 3616 949 3698; x_wconf 89' lang='lat' dir='ltr'>probat</span> <span class='ocrx_word' id='word_1_241' title='bbox 966 3609 1118 3684; x_wconf 78' lang='lat' dir='ltr'>Palurerii</span> <span class='ocrx_word' id='word_1_242' title='bbox 1150 3625 1155 3644; x_wconf 64' lang='lat'>⁸</span> 
     </span>
     <span class='ocr_line' id='line_1_31' title="bbox 94 3710 1117 3802; baseline 0 -29"><span class='ocrx_word' id='word_1_243' title='bbox 94 3719 340 3782; x_wconf 86' lang='lat' dir='ltr'>emendationem</span> <span class='ocrx_word' id='word_1_244' title='bbox 354 3713 524 3789; x_wconf 76' lang='grc' dir='ltr'>Καλατία,</span> <span class='ocrx_word' id='word_1_245' title='bbox 547 3738 606 3802; x_wconf 90' lang='lat' dir='ltr'>pro</span> <span class='ocrx_word' id='word_1_246' title='bbox 622 3739 686 3802; x_wconf 91' lang='lat' dir='ltr'>quo</span> <span class='ocrx_word' id='word_1_247' title='bbox 702 3732 809 3780; x_wconf 88' lang='lat' dir='ltr'>tamen</span> <span class='ocrx_word' id='word_1_248' title='bbox 825 3710 1117 3786; x_wconf 72' lang='lat' dir='ltr'>malitlioltltorr&#39;o.</span> 
     </span>
     <span class='ocr_line' id='line_1_32' title="bbox 96 3815 1120 3902; baseline -0.002 -26"><span class='ocrx_word' id='word_1_249' title='bbox 96 3815 210 3902; x_wconf 83' lang='lat' dir='ltr'>Nempe</span> <span class='ocrx_word' id='word_1_250' title='bbox 225 3822 351 3902; x_wconf 86' lang='lat' dir='ltr'>duplex</span> <span class='ocrx_word' id='word_1_251' title='bbox 372 3818 588 3901; x_wconf 83' lang='lat' dir='ltr'>frequentatur</span> <span class='ocrx_word' id='word_1_252' title='bbox 608 3823 751 3883; x_wconf 71' lang='lat' dir='ltr'>nominis</span> <span class='ocrx_word' id='word_1_253' title='bbox 772 3819 965 3890; x_wconf 89' lang='lat' dir='ltr'>terminatio,</span> <span class='ocrx_word' id='word_1_254' title='bbox 991 3817 1120 3898; x_wconf 42' lang='lat' dir='ltr'>,duplex</span> 
     </span>
     <span class='ocr_line' id='line_1_33' title="bbox 96 3919 1127 4000; baseline 0 -24"><span class='ocrx_word' id='word_1_255' title='bbox 96 3919 179 3980; x_wconf 85' lang='lat' dir='ltr'>etiam</span> <span class='ocrx_word' id='word_1_256' title='bbox 202 3923 236 3982; x_wconf 91' lang='lat' dir='ltr'>in</span> <span class='ocrx_word' id='word_1_257' title='bbox 259 3923 370 3984; x_wconf 88' lang='lat' dir='ltr'>medio</span> <span class='ocrx_word' id='word_1_258' title='bbox 397 3921 598 3990; x_wconf 75' lang='lat' dir='ltr'>consonantia</span> <span class='ocrx_word' id='word_1_259' title='bbox 622 3923 731 3984; x_wconf 85' lang='lat' dir='ltr'>literae</span> <span class='ocrx_word' id='word_1_260' title='bbox 756 3920 849 3992; x_wconf 82' lang='lat' dir='ltr'>usua,</span> <span class='ocrx_word' id='word_1_261' title='bbox 881 3939 955 3998; x_wconf 80' lang='lat' dir='ltr'>cum</span> <span class='ocrx_word' id='word_1_262' title='bbox 981 3919 1035 3996; x_wconf 78' lang='lat' dir='ltr'>alii</span> <span class='ocrx_word' id='word_1_263' title='bbox 1062 3921 1127 4000; x_wconf 83' lang='lat' dir='ltr'>per&#39;</span> 
     </span>
     <span class='ocr_line' id='line_1_34' title="bbox 97 4017 1120 4106; baseline 0 -28"><span class='ocrx_word' id='word_1_264' title='bbox 97 4018 214 4105; x_wconf 72' lang='lat' dir='ltr'>simplex</span> <span class='ocrx_word' id='word_1_265' title='bbox 234 4023 246 4085; x_wconf 89' lang='lat' dir='ltr'>l</span> <span class='ocrx_word' id='word_1_266' title='bbox 265 4021 416 4094; x_wconf 81' lang='lat' dir='ltr'>scribant,</span> <span class='ocrx_word' id='word_1_267' title='bbox 450 4024 569 4106; x_wconf 87' lang='lat' dir='ltr'>duplex</span> <span class='ocrx_word' id='word_1_268' title='bbox 589 4025 645 4086; x_wconf 87' lang='lat' dir='ltr'>alii</span> <span class='ocrx_word' id='word_1_269' title='bbox 664 4021 851 4106; x_wconf 83' lang='lat' dir='ltr'>praeferant.</span> <span class='ocrx_word' id='word_1_270' title='bbox 911 4020 996 4098; x_wconf 85' lang='lat' dir='ltr'>lllud</span> <span class='ocrx_word' id='word_1_271' title='bbox 1010 4017 1120 4099; x_wconf 81' lang='lat' dir='ltr'>obser·</span> 
     </span>
     <span class='ocr_line' id='line_1_35' title="bbox 89 4121 1122 4207; baseline -0.005 -23"><span class='ocrx_word' id='word_1_272' title='bbox 89 4135 180 4184; x_wconf 79' lang='lat' dir='ltr'>,vatur</span> <span class='ocrx_word' id='word_1_273' title='bbox 198 4127 232 4186; x_wconf 88' lang='lat' dir='ltr'>iu</span> <span class='ocrx_word' id='word_1_274' title='bbox 254 4123 411 4192; x_wconf 81' lang='lat' dir='ltr'>Strabone</span> <span class='ocrx_word' id='word_1_275' title='bbox 433 4140 467 4201; x_wconf 87' lang='lat'>7.</span> <span class='ocrx_word' id='word_1_276' title='bbox 491 4145 524 4207; x_wconf 89' lang='lat' dir='ltr'>p.</span> <span class='ocrx_word' id='word_1_277' title='bbox 549 4145 594 4188; x_wconf 90' lang='lat' dir='ltr'>m.</span> <span class='ocrx_word' id='word_1_278' title='bbox 625 4143 707 4188; x_wconf 77' lang='lat'><strong>220.</strong></span> <span class='ocrx_word' id='word_1_279' title='bbox 730 4123 752 4187; x_wconf 76' lang='lat' dir='ltr'>s.</span> <span class='ocrx_word' id='word_1_280' title='bbox 776 4136 848 4204; x_wconf 72' lang='lat' dir='ltr'>51ss</span> <span class='ocrx_word' id='word_1_281' title='bbox 868 4121 908 4205; x_wconf 89' lang='lat' dir='ltr'>sq.</span> <span class='ocrx_word' id='word_1_282' title='bbox 946 4121 1122 4183; x_wconf 82' lang='lat' dir='ltr'>Memnone</span> 
     </span>
     <span class='ocr_line' id='line_1_36' title="bbox 100 4225 1205 4318; baseline -0.005 -30"><span class='ocrx_word' id='word_1_283' title='bbox 100 4240 124 4285; x_wconf 73' lang='lat' dir='ltr'>t.</span> <span class='ocrx_word' id='word_1_284' title='bbox 145 4240 198 4291; x_wconf 78' lang='lat'>22.</span> <span class='ocrx_word' id='word_1_285' title='bbox 227 4227 286 4288; x_wconf 85' lang='lat' dir='ltr'>ubi</span> <span class='ocrx_word' id='word_1_286' title='bbox 307 4228 405 4292; x_wconf 88' lang='lat' dir='ltr'>etiam</span> <span class='ocrx_word' id='word_1_287' title='bbox 427 4226 497 4292; x_wconf 78' lang='lat' dir='ltr'>MS.</span> <span class='ocrx_word' id='word_1_288' title='bbox 519 4247 575 4310; x_wconf 89' lang='lat' dir='ltr'>per</span> <span class='ocrx_word' id='word_1_289' title='bbox 601 4225 639 4300; x_wconf 83' lang='lat' dir='ltr'>G,</span> <span class='ocrx_word' id='word_1_290' title='bbox 673 4227 806 4290; x_wconf 81' lang='lat' dir='ltr'>Arriano</span> <span class='ocrx_word' id='word_1_291' title='bbox 836 4227 874 4306; x_wconf 86' lang='lat' dir='ltr'>¹iu</span> <span class='ocrx_word' id='word_1_292' title='bbox 905 4225 992 4318; x_wconf 79' lang='lat' dir='ltr'>illyr.</span> <span class='ocrx_word' id='word_1_293' title='bbox 1014 4243 1050 4301; x_wconf 70' lang='lat' dir='ltr'>c.</span> <span class='ocrx_word' id='word_1_294' title='bbox 1062 4236 1123 4302; x_wconf 73' lang='lat'>50.</span> <span class='ocrx_word' id='word_1_295' title='bbox 1201 4295 1205 4302; x_wconf 84' lang='lat'><strong>.</strong></span> 
     </span>
    </p>
   </div>
   <div class='ocr_carea' id='block_1_8' title="bbox 0 0 1445 4880">
    <p class='ocr_par' dir='ltr' id='par_1_8' title="bbox 0 0 1445 4880">
     <span class='ocr_line' id='line_1_37' title="bbox 0 0 1445 4880; baseline 0 0"><span class='ocrx_word' id='word_1_296' title='bbox 0 0 1445 4880; x_wconf 95' lang='lat' dir='ltr'> </span> 
     </span>
    </p>
   </div>
  </div>
 </body>
</html>
