2794 4868
181 475 187 493 ι
255 513 258 524 ’
330 499 520 584 'L113.11.
565 523 686 584 c.v11.
726 497 830 600 §.aas
1030 485 1126 596 .¹535

68 667 240 785 (lustralis
258 694 399 760 Vindob.
425 697 592 769 Scalimiu
618 695 712 814 Praq.
735 669 892 758 Camiroc.
931 693 1015 758 Edd.
1038 717 1067 758 1.
1085 711 1120 760 2.

65 814 104 874 9.
136 809 192 875 ¹3·
219 795 374 870 Carrirris;
415 813 447 877 3.
470 797 506 878 4.
534 813 567 877 5.
588 811 621 860 et
643 799 782 880 reliquae
801 795 967 880 Calydnae
984 799 1023 858 acl
1046 797 1120 860 Vos·

64 897 169 970 fiunt,
195 903 322 960 ‘tautmn
346 893 484 982 aliquale,
517 913 555 961 ut
582 921 637 964 tr.
657 918 716 980 29.
741 913 800 980 55.
821 916 903 961 cum·
915 897 1035 962 Vineto
1056 899 1120 961 Ca·

65 997 173 1080 lydae.
202 997 333 1090 uolnus
348 1001 438 1063 dedit
452 1002 633 1084 Galymnia,
647 1019 752 1083 ,quern
770 1017 803 1064 et
818 1000 916 1063 secuti
930 985 1003 1062 sunt
1017 1002 1119 1083 poste·

62 1105 179 1165 riorct.
215 1087 416 1176 uzac'ewcrru.
482 1105 572 1164 Libri
601 1107 725 1186 antiqui
761 1104 915 1167 Caminia.
968 1104 1012 1164 Et
1036 1103 1119 1166 hanc

18 1234 20 1238 ·
63 1194 371 1288 qnoquejvitiosam
397 1207 571 1270 lectionem
593 1205 716 1270 secutus
738 1207 781 1268 esi
808 1206 947 1277 Plinius,
971 1201 1030 1298 [4,
1053 1219 1139 1284 ,εὸμ

61 1304 86 1366 s.
113 1299 250 1390 12.]'et
277 1310 352 1368 inde
378 1304 514 1370 insulam
539 1307 721 1372 Geminium
745 1307 799 1370 vel
825 1295 1042 1396 (lamiut'sum,
1078 1319 1117 1368 ut
1173 1379 1175 1398 Ι

60 1406 186 1470 habent
204 1408 301 1489 aliqui
322 1409 449 1472 codices
467 1407 593 1491 scripti..
613 1410 648 1470 in
666 1411 813 1472 ordinem
835 1407 1007 1468 insularum
1024 1428 1135 1490 repon
1166 1407 1175 1498 ‚⁸

61 1507 136 1572 suit.
176 1511 265 1570 Dum
278 1511 319 1574 stc
334 1509 417 1580 fecit,
438 1531 506 1573 non
523 1513 644 1574 mirum
659 1513 714 1584 eil,
734 1510 911 1596 catalogum
927 1509 1114 1587 insularum,

62 1631 142 1692 quaa
163 1612 197 1672 in
222 1612 286 1674 hoc
311 1613 392 1673 mari
407 1611 549 1676 recenset
569 1615 709 1686 Plinius,
744 1612 920 1674 admodum
943 1610 1001 1674 else
1026 1612 1114 1674 locu·

62 1714 204 1794 pletem,
238 1727 421 1776 recurrente
445 1728 493 1776 ter
521 1728 556 1780 et
578 1729 690 1800 quater
717 1717 829 1778 eadem
856 1712 979 1794 semper
999 1711 1111 1778 insula.

60 1813 184 1880 Procul
214 1815 315 1877 dubio
347 1813 506 1898 scripserat
538 1815 625 1880 Mela
658 1816 839 1900 Calymuia.
894 1814 1053 1896 Calymne
1076 1828 1138 1897 ει.
1212 1822 1215 1826 ’
1269 1873 1285 1890 ,

12 1929 15 1945 “
64 1915 239 1998 (Solymnia
264 1933 436 2000 utrumque
462 1931 588 1981 rectum
611 1919 671 1992 est,
704 1923 742 1980 tit
764 1917 892 1992 testatur
917 1917 1109 1998 Stephanus.

59 2017 166 2080 Aliter
198 2018 363 2110 Calydna,
404 2034 459 2084 aut
494 2019 660 2104 Calydnae
690 2022 843 2085 dicuntur
870 2019 944 2082 illae
973 2017 1109 2084 insulae.
1197 2005 1199 2014 ¹

58 2121 151 2182 Hinc.
165 2120 224 2180 mel
243 2121 434 2203 Calydnium
448 2123 624 2208 appellatur
636 2130 765 2206 quo'que
775 2121 834 2184 mel
846 2121 1056 2203 Galynmt'um,
1067 2133 1110 2200 ¹et

58 2241 102 2284 ex
119 2223 283 2304 Stephano
301 2223 429 2285 testatur
443 2223 626 2290 Eustachiut
644 2227 679 2288 in
695 2223 901 2304 Dionysium.
925 2220 980 2301 [v.
998 2222 1108 2304 530]

57 2323 163 2386 Porro
184 2323 396 2405 Lebynthum
417 2317 493 2386 cum
517 2325 576 2388 hac
596 2325 696 2389 insula
716 2329 886 2410 coniungit
907 2325 1004 2386 etiam
1030 2323 1130 2418 Qvie·
1167 2375 1169 2382 .

58 2425 152 2497 diue,
177 2427 307 2488 cumin
327 2425 416 2490 libria
434 2427 474 2490 de
494 2441 559 2489 arte
576 2430 722 2499 amandi,
750 2424 806 2516 [2,
823 2420 906 2514 Bo]
933 2439 1006 2486 tum
1030 2443 1109 2506 quo·

60 2549 127 2609 que
145 2527 451 2610 Metamorphoseon
473 2525 506 2608 8,
529 2525 660 2620 [222]
686 2529 821 2592 Dextra
842 2516 1026 2610 Lebyntlw's
1049 2522 1109 2615 [ut
1178 2528 1180 2533 ’

58 2630 108 2691 ibi
136 2651 234 2711 prave
267 2623 394 2716 editur]
427 2643 514 2702 crat,
551 2617 782 2722 sacrandaque
819 2629 907 2691 melle
944 2627 1106 2710 Calymne.

57 2751 206 2794 vocatus.
257 2733 430 2794 Librorum
445 2733 541 2796 lectio
558 2734 647 2794 ducit
664 2735 705 2802 'ed
724 2733 907 2797 Caminiam
923 2730 1032 2801 Plinii,
1055 2732 1109 2792 cui

54 2827 190 2896 nomini
212 2853 251 2894 eo
273 2837 376 2920 magia
400 2835 513 2918 aliquia
534 2835 716 2906 inhaereat,
749 2833 836 2917 quod
850 2825 978 2896 ⁴Plinius
1003 2829 1109 2894 scribit

54 2956 76 2998 a
98 2935 205 2998 Platea
227 2936 337 2998 distare
363 2947 422 3016 58.
446 2935 495 3000 Μ.
517 2937 554 3002 1’.
607 2937 649 3002 At
671 2955 769 2999 nemo
798 2937 893 2998 talem
914 2933 1049 2996 insulam
1071 2937 1107 2996 iu

54 3037 123 3099 hoc
140 3039 220 3096 mari
235 3039 369 3106 attdivit,
393 3051 427 3099 et
442 3038 607 3102 manifesse
623 3059 662 3101 ex
678 3039 774 3101 variis
791 3038 972 3114 auctoribue
995 3036 1107 3098 insula·

56 3159 133 3202 rum
166 3141 301 3200 nomina
331 3134 486 3225 congessit
511 3160 688 3222 eorumque
715 3142 896 3202 variamet
922 3152 1107 3220 corruptam

56 3239 248 3322 scripturam
287 3240 411 3303 secutur
444 3241 618 3304 insularum
650 3245 749 3304 etiam
781 3258 953 3302 numerum
986 3251 1109 3302 temere

56 3345 161 3405 atrxit.
213 3343 315 3404 Porro
337 3363 404 3405 nort
426 3341 590 3406 arbitrario
616 3346 764 3425 antiquae
785 3343 945 3404 editiones
968 3342 1109 3402 Venetae

58 3443 180 3508 dedisse
203 3445 356 3506 videntur
382 3443 571 3526 Calydnae,¹
599 3441 652 3510 sed
675 3445 805 3526 aliunde
828 3459 920 3506 etex
942 3443 1031 3504 libris
1052 3443 1108 3504 de·
1216 3497 1218 3502 .

55 3543 232 3630 promfilse.
282 3547 387 3626 Atque
405 3565 444 3606 eo
458 3547 556 3608 etiam
572 3542 661 3608 ducit
678 3548 780 3609 codex
795 3533 934 3607 vindob.
960 3545 1016 3606 etsr
1033 3544 1109 3606 aliae

56 3669 126 3710 non
150 3645 255 3708 b'ouae
277 3661 388 3715 notae,
424 3645 487 3708 suis
506 3662 613 3710 tamen
631 3647 707 3712 ideo
732 3649 887 3727 exemplis
908 3647 1042 3728 propius
1058 3648 1106 3706 in·

57 3750 211 3819 haerens,
246 3750 303 3830 qui
323 3747 470 3830 adposuit
491 3749 654 3820 Stellatis,
690 3750 728 3812 lic
748 3763 786 3808 ut
810 3750 900 3810 litera
921 3769 937 3808 s
958 3764 998 3810 ex
1019 3767 1108 3830 prae·

30 3877 34 3882 ¹
59 3853 197 3913 'cedente
221 3850 378 3940 qocabulo
402 3849 500 3912 suerit
523 3852 671 3914 adtracta.
723 3851 810 3912 Hinc
836 3863 915 3912 vero
936 3849 1108 3912 nonmale

57 3949 189 4014 Vossius
213 3950 397 4014 substituisse
420 3955 549 4016 videtur
576 3932 765 4035 Gafflunia,
801 3935 876 4015 cum
899 3952 962 4012 hoc
984 3969 1108 4012 nomeu

7 4105 8 4110 ,
57 4055 176 4137 probet
193 4055 290 4114 etiam
308 4038 499 4136 Stephanus,
519 4055 707 4141 Calymnam
724 4068 831 4116 autem
847 4051 904 4113 hac
920 4050 1022 4114 sornra
1038 4061 1128 4134 pro-¹

57 4159 156 4218 ducat
180 4157 275 4216 etiam
293 4155 417 4218 Plinius
434 4166 469 4238 4,
491 4171 548 4233 253.
565 4157 587 4244 s.
604 4173 663 4222 12:
691 4169 723 4217 et
747 4157 860 4218 Strabo
878 4153 933 4216 lib.
957 4175 1012 4218 to.
1028 4169 1107 4217 extr.
1188 4217 1189 4222 ,

56 4253 107 4320 Τὸ
128 4280 150 4319 a
172 4257 207 4318 in
230 4238 394 4323 codicibus
418 4261 456 4321 ad
473 4260 669 4344 proximum,
680 4277 804 4326 nornen
819 4257 981 4343 migravit.
1188 4261 1192 4268 ‘
