2794 4868
314 413 377 478 63⁰
617 393 862 456 rourourr
898 378 1068 458 Maura

316 575 434 654 Ileyne
456 571 495 635 ati
515 571 642 660 Virgilii
665 573 755 636 Cirin
780 593 813 636 v.
833 573 921 652 476.
974 567 1087 638 Potuit
1110 571 1220 640 enim,
1249 569 1344 650 iuquit,

317 679 402 738 inter
423 689 473 738 tot
494 675 568 738 aliae
592 673 787 738 obscuriores
808 675 971 756 Sporadas.
993 679 1090 736 etiam
1113 669 1269 752 Dionyua
1292 669 1345 740 elle,

318 793 356 841 ut
376 779 457 839 adeo
480 774 570 838 facile
591 777 720 840 alterius
739 795 861 838 nornen
884 779 918 840 iu
940 779 1080 839 alterum.
1098 777 1259 836 transiret.
1292 773 1347 834 Ars

317 873 471 953 νυσιάδας
491 881 567 942 duas
585 881 664 940 circa
681 878 800 944 Creten
816 876 929 942 insulae
944 901 960 941 a
976 877 1122 956 Dionyso
1140 877 1285 956 conditas
1297 895 1347 934 me

319 996 424 1045 morat
441 981 579 1045 Diodor.
596 981 661 1044 sic.
679 995 713 1058 5,
733 994 791 1060 75.
820 999 895 1062 quas
912 996 946 1042 et
965 985 1000 1042 in
1022 981 1127 1040 tabula
1149 977 1348 1060 Peutingeria·

317 1099 359 1150 na
380 1081 435 1172 [8.
457 1077 519 1168 E.]
545 1085 649 1144 notari
672 1096 763 1164 putat
782 1081 937 1145 Cellariue
959 1081 993 1144 in
1010 1083 1128 1166 Geogr.
1161 1094 1230 1143 ant.
1254 1095 1284 1148 2,
1309 1085 1349 1156 rip,

324 1202 406 1248 120.
429 1183 618 1246 nominibus
641 1175 786 1277 Diorrr'srr
807 1200 841 1246 et
866 1169 1000 1283 Dionis,
1032 1186 1178 1246 detracto
1204 1183 1276 1244 fine.
1319 1179 1349 1240 At

318 1289 407 1370 prior
423 1287 521 1348 nimie
537 1307 554 1346 a
571 1285 665 1348 Creta
680 1299 884 1357 removetur,
919 1281 1139 1370 posteriorem
1152 1299 1279 1354 tamen,
1307 1278 1349 1339 nili

319 1389 357 1450 stt
380 1387 453 1449 Dia
473 1387 666 1459 Ptolemaei,
702 1389 789 1450 haud
811 1389 894 1450 male
910 1408 987 1449 cum
1008 1386 1264 1466 Dionysiadibue
1285 1401 1350 1442 coru·

320 1491 400 1574 poni
416 1487 511 1572 polle,
533 1490 701 1550 arbitratur
712 1488 896 1574 Wellelirig.
911 1490 951 1552 ad
965 1491 1100 1551 Diodor.
1119 1510 1147 1552 c.
1166 1489 1190 1550 l.
1228 1485 1349 1548 Occurrit

320 1595 419 1653 etiarn
443 1580 598 1682 Dionyso
619 1611 693 1654 cum
717 1592 817 1670 Scyro
842 1589 863 1655 s.
887 1593 969 1672 Syro
994 1591 1128 1653 et'Paro
1156 1592 1195 1652 in
1217 1583 1350 1652 Antonini

320 1695 429 1787 itiner.
447 1712 480 1776 p.
497 1707 589 1769 527„
607 1708 640 1754 et
653 1677 818 1781 Dionyffa
834 1713 911 1754 cum
924 1695 1022 1774 Syme
1039 1695 1072 1754 iu
1087 1693 1213 1777 Geogr.
1226 1692 1348 1754 Ravenn.

322 1809 358 1874 5,
385 1811 447 1889 ΩιιΙ
496 1797 531 1856 Si
553 1807 639 1856 recte
667 1807 700 1854 et
722 1796 835 1856 ordine
858 1797 971 1857 retulit
992 1797 1142 1880 Virgilius
1174 1797 1213 1855 in
1237 1805 1349 1869 utroque

321 1899 395 1960 loco
412 1911 444 1959 et
463 1915 578 1956 verum
600 1893 773 1958 insularum
792 1896 887 1957 suurn
907 1899 942 1958 in
963 1896 1188 1980 persequendo
1212 1893 1348 1956 maritimo

323 1997 415 2062 cursu
431 1997 598 2081 exposuit,
623 1988 766 2090 Donusa
786 1996 896 2061 versus
912 2001 1073 2080 Seriphon
1090 2013 1122 2060 et
1143 1997 1276 2060 Cretam
1291 1989 1347 2052 indu

323 2123 347 2188 a·
369 2101 450 2162 Delo
477 2098 749 2181 proficiscentibus
775 2100 897 2162 vicinas
923 2103 1084 2182 utrimque
1109 2099 1234 2162 insulae
1260 2093 1348 2157 habuit

172 2207 174 2218 '
236 2202 244 2218 '
325 2201 494 2283 Cythrron,
523 2201 655 2270 Naxon,
683 2200 804 2272 Paron,
831 2201 984 2294 Oliaron,
1017 2217 1049 2264 et
1073 2201 1112 2262 lic
1135 2222 1239 2284 porro
1257 2196 1347 2260 melius

324 2305 532 2388 intelligitur,
560 2324 618 2366 cur
636 2303 699 2364 huc
714 2323 753 2364 ex
770 2301 862 2365 Naxb
879 2305 1022 2366 Bacchus
1043 2305 1210 2370 Ariadnen
1230 2303 1347 2362 traduxe-

268 2473 270 2482 ,
323 2408 377 2468 rit.
400 2407 469 2468 'Sic
491 2417 524 2466 et
544 2405 667 2468 Plinius
685 2417 721 2482 4,
741 2418 800 2484 23.
818 2404 840 2467 s.
863 2422 918 2468 ια.
942 2407 1079 2476 accedit,
1109 2387 1173 2488 qui‘
1193 2425 1268 2466 cum
1288 2397 1348 2460 Telo

322 2525 356 2570 et
373 2509 514 2569 Pathmo
537 2507 719 2590 coniungit,
747 2507 801 2568 etsr
822 2505 852 2569 se
874 2497 1201 2590 acervatiin‘potuiite
1219 2501 1350 2587 Sporadas

324 2611 390 2694 ipse
406 2611 567 2679 adfirmat,
594 2609 680 2692 quod
699 2623 731 2670 et
748 2607 932 2670 observatur
947 2612 981 2672 in
997 2611 1158 2672 Antonini
1179 2600 1350 2670 uincent
1371 2629 1372 2684 ζ

324 2715 412 2774 Tum
434 2731 512 2772 vero
532 2711 625 2772 valde
645 2711 817 2772 reluctatur
836 2712 1032 2794 Stephanus,
1058 2713 1113 2793 qui
1134 2712 1235 2796 νῆσον
1254 2695 1350 2798 μικρὰν
1371 2685 1372 2770 l

322 2809 438 2877 Ῥόδου
462 2813 550 2875 dicit.
601 2813 709 2896 Quam
735 2811 957 2876 difficultatem
983 2814 1169 2874 ut·tolleret
1193 2814 1305 2891 Heyne
1322 2801 1372 2863 al

324 2915 451 2998 Virgilii
467 2913 558 2976 Cirin
574 2932 601 2975 c.
616 2914 637 2976 l.
660 2910 834 2998 legendum
855 2912 975 2977 censuit
991 2919 1024 2976 in
1041 2915 1226 3000 Stephano:
1253 2913 1351 2972 Arver-

325 3014 391 3088 σία,
418 3016 511 3101 νῆσος
531 3009 632 3104 μικρὰ
652 3013 675 3076 s.
700 3013 759 3106 pia
781 3015 846 3080 τῶν
867 3010 1063 3106 Σποράδων.
1117 3019 1209 3078 Tum
1236 3013 1348 3096 quidem

319 3138 390 3186 non
408 3118 500 3179 liceat
517 3118 556 3178 ad
569 3117 778 3198 Dionysradas
795 3120 881 3180 iuxta
895 3120 1024 3182 Cretam
1041 3119 1162 3187 delabi,
1187 3137 1264 3199 quas
1277 3113 1348 3192 supra
1371 3127 1372 3131 ’

322 3219 579 3282 commemoravi
602 3239 641 3280 ex
665 3221 811 3284 Diodoro
830 3221 952 3291 Siculo,
988 3219 1158 3303 inprimis
1182 3239 1257 3280 cum
1281 3211 1349 3274 lilela

257 3357 260 3366 ·
322 3321 544 3386 insulas-iuxta
559 3319 689 3383 Cretam
707 3321 791 3392 sitae,
825 3319 907 3401 infra
926 3321 1101 3392 recenseat,
1136 3321 1195 3381 ubi
1214 3320 1348 3400 obpurtu·

301 3409 450 3485 'niorem
469 3424 580 3484 locum
600 3423 759 3502 Dionysia
769 3423 940 3494 habuisset,
975 3424 996 3482 st
1020 3426 1185 3507 adtingere
1204 3416 1346 3484 voluisset.

321 3526 428 3587 Restat
443 3525 541 3612 igitur
554 3525 703 3605 quaestio,
724 3540 835 3585 utrum
851 3526 904 3586 hic
923 3524 1061 3605 Donysa,
1079 3533 1128 3586 'an
1143 3521 1273 3608 Dnnula
1289 3534 1348 3578 eum

321 3623 430 3692 Volsto
445 3629 640 3708 reponenda,
667 3647 707 3687 an
725 3628 876 3707 Dionysia
896 3629 1075 3698 retinenda,
1101 3629 1215 3708 inquo
1232 3621 1347 3706 quidem

319 3742 452 3810 propter
470 3727 626 3789 summam
645 3711 801 3790 librorurlt
817 3727 1056 3792 consensionem
1079 3729 1176 3814 (nam
1193 3721 1232 3790 τὸ
1246 3727 1258 3786 i
1271 3719 1346 3783 facile
1370 3785 1371 3820 ἐ

320 3830 355 3888 in
376 3829 510 3917 Mediol.
532 3827 672 3916 excidit)
694 3831 815 3910 Heynii
838 3833 1031 3914 opinionem
1046 3833 1232 3914 amplector.
1267 3827 1345 3888 Acce·
1370 3821 1371 3859 l

202 3919 205 3930 ¹
309 3929 368 4020 'dit
388 3934 484 3990 otiam
506 3931 570 3992 huc
593 3933 684 3994 locus
708 3933 804 3992 Plinii
825 3948 859 4011 4,
887 3952 943 4012 19.
959 3931 981 3996 s.
1002 3950 1058 3996 lu.
1083 3933 1172 4016 supra
1189 3935 1252 3992 iam
1272 3937 1345 3988 nott·

317 4043 387 4099 tus,
421 4036 544 4113 inquo
572 4035 717 4094 nostrum
742 4036 857 4103 reddit.
911 4037 1044 4120 Legitur
1069 4037 1157 4096 enim
1190 4035 1283 4094 etiam
1308 4023 1345 4084 ibi

316 4129 491 4227 Dionyfia.
551 4135 702 4197 Attamen
727 4156 795 4198 non
816 4135 953 4200 diuersas
976 4137 1063 4209 illas,
1088 4135 1152 4200 ‘sed
1172 4154 1265 4198 unam
1287 4145 1345 4188 eau-
